2444 3900
369 203 650 320 ‘rrurn
696 249 854 327 unni
998 250 1118 341 ιεςιί

147 393 200 462 Ut
217 385 341 461 virtute
352 387 524 501 redempta
535 388 617 470 tuti,
637 386 713 462 Tibi
724 386 809 462 Filia
820 387 946 473 nubat,
1052 417 1055 423 ·
1107 423 1117 439 =

145 486 191 553 Et
204 503 307 577 gener
317 481 474 578 Aruiragr
484 484 623 578 posthic
635 483 760 576 patiare
772 482 906 554 vocari.

144 574 373 655 Dixit,&ad
385 575 486 649 cuusae
497 593 707 652 momentum
718 577 791 666 pius
802 574 962 648 valituras
1006 660 1009 665 ¹

145 665 315 750 Vocibus,
329 667 454 755 adjecit
465 675 632 764 lacrymas
642 690 710 740 nou
721 687 792 740 arte
792 666 949 832 ¹petitus.

191 758 789 845 MotusabhisHerus,naturamsen
803 777 1013 833 rtamantetn
1099 822 1107 847 ,

146 857 238 925 Velle
252 852 367 937 aliud,
379 876 483 947 quarn
498 856 592 949 quod
607 853 696 926 Coeli
707 851 830 947 praescti
856 872 891 925 ta
900 853 1073 941 iubeteut3

145 945 309 1018 Obstitit,
321 954 353 1018 &
368 945 448 1019 forti
460 949 598 1022 tandem
611 949 657 1019 sre
670 949 800 1039 penore
826 966 923 1021 atur.

144 1038 584 1133 Qaliaeunquetuifudere
597 1044 733 1114 oracula
746 1042 865 1116 cemes

142 1133 201 1204 Ne·
213 1129 347 1226 dignere
359 1130 448 1213 fide,
475 1131 629 1207 saxorum
640 1135 875 1207 moreioeutos

140 1224 214 1296 Effe
224 1244 327 1316 puta,
343 1221 399 1300 sua
412 1249 480 1299 non
495 1226 652 1318 capiunt,
666 1247 738 1318 quae
754 1223 850 1299 verba
860 1225 1058 1298 remittunt.

140 1317 217 1388 Soli
229 1318 383 1391 adeunda
395 1321 474 1392 Deo
488 1318 579 1390 vetiti
591 1318 703 1409 caiigo
715 1313 840 1398 futuri,
1095 1356 1098 1361 ·

143 1414 254 1498 Cujus
265 1416 298 1480 &
313 1429 390 1484 aute
404 1416 522 1497 oculos
533 1433 654 1503 corpus
669 1408 821 1483 coalescit
831 1409 866 1482 in
878 1432 1003 1489 unum,

139 1505 265 1576 Adstat
280 1510 313 1573 &
328 1522 366 1573 ut
379 1503 532 1596 fimpiex,
544 1523 660 1577 nutura
670 1503 864 1596 tricorporis
876 1502 960 1573 aevi.
981 1550 985 1557 -

141 1591 278 1667 Profert
288 1598 395 1668 muita
404 1598 644 1693 quidem,quae
653 1592 1052 1688 suntincognitanobise

139 1688 249 1782 Qeis
260 1684 405 1783 proferre
421 1708 534 1764 tamen
549 1689 720 1769 deliberat,
732 1689 826 1781 eiigit
837 1704 940 1767 ante,
983 1710 988 1717 ·

138 1781 245 1872 Eligit
256 1789 447 1876 &paucost
467 1781 562 1855 semel
578 1791 610 1854 &
623 1807 696 1874 quae
709 1781 858 1873 protulit,
869 1799 963 1853 extat

136 1874 257 1946 Verbis
265 1893 354 1948 certa
364 1873 448 1947 fides
463 1927 474 1957 ,
487 1885 520 1949 &
530 1898 598 1949 uon
610 1875 770 1948 mutabile
784 1896 917 1948 vetum.

136 1968 328 2059 AEquanimi
342 1990 430 2039 nune
444 1990 576 2050 mente,
592 1987 656 2043 tuae
669 1967 711 2042 de
724 1971 879 2060 Coniuge
893 1968 992 2059 Nutae

136 2058 263 2153 Qalia
274 2063 450 2133 Terrarum
462 2063 584 2139 ueeor
597 2063 798 2143 decreverit,
811 2058 913 2133 audi.

187 2157 236 2222 Ex
260 2156 346 2223 letos
359 2155 511 2226 nondum
522 2159 575 2226 Soi
587 2155 734 2248 quinque
749 2153 1042 2239 roraveritannos,

136 2246 227 2315 Cum
237 2175 376 2337 iuvenis
387 2245 483 2318 Tusci
498 2244 672 2336 generosus
684 2247 812 2338 origiue
827 2245 915 2318 coli
1006 2326 1009 2331 ,

133 2339 326 2418 Adveniet,
342 2339 400 2430 qui
412 2340 545 2431 gentilis
559 2360 626 2410 non
634 2338 784 2411 claudier
797 2338 880 2409 Arni

134 2431 326 2501 Contentus
343 2430 436 2525 tipi,
451 2431 593 2502 matium
602 2452 692 2502 mare
702 2429 846 2523 postulet
859 2429 971 2503 audax
996 2510 999 2515 ,

134 2524 293 2602 Currere,
307 2545 427 2618 perque
437 2523 513 2596 mei
526 2523 693 2608 ugnatum
707 2520 832 2616 pyxide
845 2525 984 2598 callente

133 2613 277 2685 Classem
293 2616 393 2687 aliam
412 2621 572 2703 maiorem
584 2614 706 2695 armis,
721 2613 904 2700 majoribus
917 2618 1052 2688 auriam

132 2704 962 2799 Praefidiis,&merce,haecipsaadtitoraverret.

132 2797 302 2892 Signaque
315 2824 354 2871 ne
365 2801 491 2879 desunt,
506 2823 609 2893 quam
625 2819 757 2892 gentem
770 2797 923 2880 devehit,
937 2806 1051 2892 &quo

130 2888 238 2986 Julius
251 2896 341 2984 Rege
357 2894 464 2973 venit,
475 2891 554 2964 feret
569 2894 636 2964 haec
651 2893 710 2964 infi
738 2893 794 2964 nia
808 2890 910 2972 velis,

128 2991 216 3068 Quae
230 2982 366 3058 ferimus
381 3034 392 3066 ,
405 3006 528 3065 turres,
542 2915 786 3077 pidutatofirue
800 2985 948 3058 Leones.
1017 3044 1020 3049 .

127 3079 326 3150 Itumottale
347 3077 408 3153 viti
418 3076 603 3172 praediscere
614 3076 750 3150 forsitan
759 3078 869 3149 ambis
1008 3080 1013 3091 '

129 3169 267 3242 Nomen
285 3173 500 3243 iAtnericuur
516 3167 660 3244 sublimis
670 3169 826 3243 Hetruria
839 3171 942 3245 dicit.

129 3263 198 3333 Hic
211 3264 232 3332 zi
246 3288 299 3334 me
311 3264 416 3355 coepti
428 3261 543 3336 eurstis
556 3263 728 3336 extendere
744 3267 841 3336 teiam

134 3356 359 3455 Aggredietur
375 3379 479 3439 ovans
492 3407 502 3430 .
514 3359 631 3449 Regna
644 3357 733 3445 inuia
746 3376 876 3450 ternpus
888 3359 932 3436 ad
944 3359 1054 3441 istud,

955 3450 1050 3524 Puci-
