2444 3900
171 282 241 367 284
423 269 490 381 Li
511 271 538 344 B
561 269 589 340 E
611 265 645 343 R
691 267 785 340 x11.

174 426 273 493 Parte
282 415 349 489 alia
360 411 472 507 gravis
481 410 624 493 exuviis,
637 407 968 507 sedique-Draconis
1029 436 1033 443 ’

127 510 273 590 Lucidus
284 511 318 581 in
331 505 498 605 squamis,
512 514 545 576 ἃ
557 501 782 576 formidabilis
791 527 892 589 arcu,

127 609 259 696 Vulgus
271 601 444 696 Uiylseum
456 599 594 679 contri,
607 593 843 762 Hilspauosque
853 608 1006 681 recente&

16 766 19 771 .
127 697 295 775 Fulminat
305 694 573 787 Androphagus:
589 689 648 763 scit
672 712 854 784 epugnate
863 695 985 768 lacerto

128 796 169 867 ln
182 809 384 885 quoeunque
397 790 532 860 Ducum
547 803 681 865 namen
693 784 777 856 iuter
790 780 894 858 millia
903 783 990 859 sulus

129 887 263 963 Dente,
279 902 380 955 manu
392 932 401 963 ,
415 879 533 968 iaculis
542 877 586 949 fic
596 878 720 960 utitur,
733 894 842 972 aequet
855 896 895 950 ut
905 900 1025 956 omnes
1033 878 1056 955 ’.
1086 956 1091 963 ,

129 979 214 1050 Non
224 972 326 1066 louge?
336 971 524 1082 prospediat
530 993 652 1062 equum
664 971 675 1050 3
691 967 853 1063 supraque
867 966 977 1045 sedere

130 1072 329 1143 Bellatotem
341 1083 488 1160 equitem
500 1087 512 1144 ;
525 1063 640 1134 verum
653 1063 733 1158 quia
750 1061 862 1144 sessor,
875 1063 1048 1164 equusque

131 1163 318 1254 Nunquam
331 1160 414 1231 alias
425 1156 484 1228 visi
495 1181 507 1238 3
518 1181 595 1229 cum
608 1159 678 1229 eaim
692 1156 905 1231 concorditer
915 1156 986 1231 iret

93 1268 96 1273 ’
130 1249 1003 1344 Belluajunelaviro,duocofpmacrediditunum,

133 1341 394 1441 &miserumque
405 1343 574 1416 homiuem
587 1341 646 1416 sub
657 1343 775 1417 ea'dem
789 1348 871 1437 pelle
882 1348 984 1417 latete
1000 1394 1014 1426 ,

133 1433 597 1604 Semilsilominemquefeeam.
615 1437 772 1533 Cupidus
785 1435 986 1532 deprendere
999 1459 1100 1513 mou·

255 1555 329 1604 rum
360 1582 364 1589 -
393 1554 419 1591 w:

134 1627 245 1724 Quale
254 1622 339 1698 foret
350 1674 361 1706 ,
373 1617 459 1698 foret
470 1645 556 1698 anne
566 1622 625 1699 suo
637 1621 815 1723 superabile
829 1627 925 1707 eelo;

134 1726 219 1817 Q»
231 1719 364 1811 potuit,
376 1735 456 1812 toeo
465 1723 613 1806 jaculum
623 1721 725 1793 librat
736 1724 837 1808 ariete
850 1718 1004 1792 dextrae.

136 1813 306 1903 optatum
318 1809 435 1904 suprd,
450 1808 557 1884 visum
571 1809 692 1903 licuisse
703 1811 853 1906 sagittae

135 1901 438 1998 Qadrupedautis
448 1903 483 1974 in
492 1926 554 1978 oea
568 1904 674 1989 venie,
683 1909 886 2002 parilemque
901 1906 1060 1976 volatum

136 1997 222 2068 Inde
234 2014 367 2073 tenena,
378 1996 512 2088 Equitis
519 1997 636 2090 pedus
644 2020 780 2093 quoque
794 1993 974 2070 transfodit
985 1994 1109 2089 ipsum·

134 2085 252 2162 Ambo
262 2086 482 2161 deturbantur
491 2087 615 2159 humo:
629 2110 697 2160 nou
714 2089 843 2185 gaudia
856 2087 964 2161 vilior

135 2178 304 2260 Distulit,
317 2178 461 2253 aemule
474 2179 594 2253 naturd
605 2179 640 2252 in
650 2181 784 2278 duplice
795 2181 980 2255 monstrum

135 2269 276 2347 Visurus
285 2295 297 2353 3
307 2268 362 2343 sed
376 2271 472 2367 quod
483 2274 596 2346 vivens
609 2277 765 2370 apparuit
778 2299 903 2354 unum,

136 2363 306 2440 Disceerat
316 2388 407 2437 mors
419 2361 489 2456 ipsa
499 2366 545 2439 du
571 2373 641 2447 lex,
656 2374 812 2461 languere
822 2365 969 2439 ferocem

135 2460 227 2536 Hine
240 2456 334 2532 videt
341 2457 506 2554 alipedem
518 2506 530 2539 ,
544 2391 692 2533 sessorem
707 2460 860 2534 cominus
874 2460 966 2530 illine

138 2554 361 2626 Exhalantem
372 2550 542 2632 animam,
552 2550 751 2648 suspiriaque
765 2577 853 2648 agra
862 2552 1076 2628 trahentem]

24 2692 27 2698 ·
137 2644 277 2719 Gaudet
288 2643 598 2739 deprendillealiter
610 2646 651 2718 de
661 2644 774 2740 gentis
783 2651 862 2718 an

137 2737 329 2828 Prodigiis,
343 2736 448 2830 quim
462 2736 557 2830 quod
566 2761 680 2811 rumor
689 2742 843 2830 vulgarat
852 2740 963 2814 inanis
979 2766 991 2822 3

139 2831 345 2925 Attollitque
358 2829 511 2910 animos,
523 2830 618 2924 qudd
629 2831 664 2902 in
678 2854 767 2911 uuo,
782 2851 900 2907 catera
913 2831 1066 2909 monstra

136 2922 340 2998 Laudataiu
351 2924 483 3010 maius,
495 2921 584 2994 vinci
597 2929 665 3012 jam
680 2923 769 3015 poll-'e
781 2925 961 3016 probarit.

183 3017 245 3090 Sed
259 3035 350 3087 nova
361 3036 410 3086 res
424 3015 530 3088 tenuit
543 3014 644 3087 delixi
654 3018 783 3090 lumina
796 3018 901 3110 Regis
919 3043 931 3101 3

59 3196 62 3201 ¹
138 3110 298 3202 Namque
312 3105 536 3181 feraeexternae
554 3108 600 3181 du
613 3127 741 3202 partem
760 3111 932 3184 examinat
947 3115 1107 3191 omnemi

137 3205 283 3278 Aemus,
296 3203 400 3281 colla,
412 3199 539 3287 iubam,
553 3203 736 3297 laudatque
746 3202 894 3288 invitus,
904 3205 1085 3284 aborret,

133 3297 183 3373 Et
196 3309 293 3389 putat
316 3310 488 3370 externum
503 3295 702 3371 Dominum
714 3319 872 3396 quoque,
894 3298 1042 3394 repperit
1057 3303 1106 3367 lu·

229 3385 334 3461 dum:

931 3481 1059 3585 Qod·
