2422 3892
211 296 259 352 το
464 274 824 383 ararum

167 425 259 525 Qin
271 443 433 520 tanquam
446 422 598 496 obscuras
611 445 699 496 nova
713 422 753 495 lis
765 423 990 498 committeret
1002 427 1118 501 Urbes
1132 478 1141 510 ,

166 524 221 591 De
237 516 343 590 titulis
356 538 520 589 certamen
535 538 621 598 erat,
638 540 715 588 cum
726 515 872 610 posceret
885 518 942 591 illa
994 575 996 582 .

166 607 312 705 Hispalis
324 665 333 693 ,
344 611 411 682 lraec
425 633 538 683 autem
552 613 666 681 mallet
677 614 831 684 Granata
842 612 954 685 vocati
969 665 978 684 .

167 712 436 870 Stuproqutcunr
448 709 588 797 clypeo,
604 708 723 796 clypeo
738 704 902 795 cognovit
913 705 968 778 ini
975 711 1024 780 llo
1042 757 1053 790 ,

84 847 91 869 ,
166 799 220 869 Ge
254 802 428 894 auremque
445 820 548 869 manu
560 799 832 889 gladiumquem
847 817 914 871 tem
965 801 1142 876 recutiem

168 891 332 981 Gestabat
342 892 499 963 matribus
512 916 520 958 t
535 893 626 962 videt
638 891 704 963 hoc
715 891 750 962 in
764 889 896 964 vindice
920 906 1037 988 emper

168 982 325 1076 Prospera
335 987 421 1056 bella
432 982 521 1076 geri,
539 983 646 1055 donec
659 983 797 1056 vidioria
809 985 905 1069 violis

167 1080 296 1157 Prol'it,
310 1087 342 1150 δι
355 1078 481 1169 ingenti
494 1100 569 1148 curn
583 1076 708 1149 foenore
719 1075 842 1151 finibus
854 1079 949 1152 ludis

167 1173 219 1242 Sic
230 1172 377 1263 potiatur
388 1173 483 1253 lbet,
497 1172 648 1264 potiatur
659 1191 696 1243 ut
706 1170 805 1243 ludia
819 1175 919 1245 Coelo
935 1223 947 1245 .

214 1269 372 1358 Dumque
388 1289 429 1343 ea
439 1267 578 1339 miratur
591 1263 735 1360 cupidus
748 1263 960 1359 pernoscere,
981 1269 1066 1346 sauri

167 1364 234 1431 Par
244 1360 335 1431 oneri
347 1383 426 1431 num
439 1364 519 1429 lava
529 1357 616 1430 foret
628 1402 640 1436 ,
652 1360 821 1451 gestarum
839 1358 1009 1434 honorum

168 1453 295 1532 Sumit,
311 1453 400 1523 &ad
414 1456 547 1543 pedus,
560 1453 660 1524 veluti
674 1471 881 1524 concurrrrtt
893 1502 903 1531 ,
917 1476 1037 1547 aptat.

169 1548 306 1617 Attadlu
318 1549 444 1616 caluere
454 1545 544 1616 fibra
557 1572 566 1612 ι
578 1548 790 1626 conclamat,
806 1547 861 1616 ubi
872 1547 996 1630 hostis,

165 1638 282 1711 Hostis
293 1639 347 1711 ubi
359 1687 368 1717 ,
378 1642 402 1708 ὀ
413 1639 519 1729 Virgo
532 1688 541 1717 ‚
553 1661 624 1730 quo
633 1659 709 1708 cum
725 1639 919 1725 decernere,
935 1666 1061 1716 mrrrrus

166 1739 271 1824 Seque
284 1729 425 1823 probate
435 1751 530 1802 tuum
541 1730 694 1801 bellatrix
708 1733 831 1801 lamina
844 1731 968 1822 poffit?

168 1821 1029 1918 quuidhabentludorumarmamtnrariatorui
1106 1853 1108 1858 ¹

167 1920 244 1988 Nos
257 1937 349 2008 petar
361 1947 368 1985 :
379 1915 548 1988 armamur
558 1913 708 1997 Mundo,
718 1916 772 1986 cui
784 1917 866 1988 bella
881 1942 1085 1998 movemus.

211 2010 278 2079 Vix
290 2032 329 2079 ea
340 2006 523 2090 ,contituit
540 2032 550 2086 ;
558 2007 733 2100 patuitque
744 2012 915 2102 loquentis
932 2013 968 2084 in
980 2036 1040 2086 ore

168 2100 273 2194 Qud
284 2098 384 2172 faciet
399 2099 534 2193 potiora
546 2121 681 2180 manus,
705 2106 812 2196 quam
822 2106 936 2195 lingua
952 2111 1135 2200 loquatur.

167 2199 205 2263 lu
240 2216 315 2264 uem
329 2193 507 2269 deflestens
520 2193 636 2265 Aretia
647 2193 918 2267 humaniterorat
968 2271 970 2276 ,
1023 2209 1025 2212 ’

169 2217 268 2357 Drica
279 2335 289 2367 ,
302 2287 351 2358 ait
364 2283 511 2370 ,dfortis
524 2287 728 2360 moderatius
741 2309 834 2360 arma
850 2288 958 2373 irritet

171 2377 315 2453 Virtutis
325 2400 402 2475 pars
414 2379 458 2455 est
470 2379 606 2468 ‚virtuti
622 2403 745 2474 ponere
758 2377 921 2455 ftaeuurn.

168 2478 317 2568 Tempus
330 2473 581 2561 etit1,cumiam
597 2475 735 2546 taudem
746 2475 930 2549 delatusad
941 2477 1050 2553 Indos

169 2569 371 2641 Cannibales
383 2567 696 2662 Anthropophagos
707 2572 754 2640 Te
768 2571 865 2640 dente
876 2620 885 2650 ,
896 2568 1038 2666 tuosque

169 2664 239 2733 Ore
249 2657 631 2735 voraturosdtsctndert
640 2680 756 2734 monte
771 2660 898 2733 videbis
911 2687 922 2743 ;

168 2754 269 2826 Tunc·
274 2752 544 2848 pertpraefidium
559 2759 677 2849 clypeo
688 2775 697 2815 =
708 2755 817 2827 modo
825 2753 942 2827 serviet
954 2756 1030 2837 liic,
1047 2778 1089 2834 ut

169 2847 338 2940 Captivos
349 2845 491 2927 comites
502 2847 624 2920 reddat
633 2846 727 2918 Tibi:
752 2846 1026 2923 nonrolitHetos

168 2941 305 3013 Talibus
319 2938 544 3032 audirisplura
557 2944 729 3034 capellare
743 2990 754 3020 ,
767 2938 917 3033 profatur
938 2968 947 3010 ε

169 3034 305 3126 Captivi
318 3034 670 3127 Cornites&quanam
682 3052 779 3127 parre
791 3037 968 3108 tenentur?

172 3125 298 3221 Qilve
313 3145 402 3198 tenet
412 3127 580 3207 2Dicam,
595 3123 768 3219 respondet
781 3128 893 3200 Divae
906 3148 1084 3226 parumper

168 3217 277 3290 Differ
290 3216 367 3290 scire
381 3237 512 3290 tamen.
533 3226 652 3292 Parcas
668 3224 759 3298 Dea,
774 3212 919 3292 subdidit
929 3224 979 3294 ille
1000 3271 1012 3302 ‚

169 3313 250 3384 Non
263 3311 615 3403 vulgarlsamorrnrus
626 3311 672 3382 est
684 3309 797 3386 inlata
808 3335 982 3394 meorum,

142 3412 146 3417 '
169 3402 283 3480 Nescit
296 3401 376 3477 ferre
389 3424 538 3478 moram:
553 3405 598 3479 ad
609 3404 728 3480 Gades
743 3406 943 3498 projecimus
952 3405 1036 3480 olim

1045 3508 1087 3573 lu
