2444 3900
172 257 243 330 216
451 240 766 329 ttussux.
827 272 831 279 ·

129 381 948 498 Quiecordetuovuquuibeeextruuarm,
988 419 993 434 ·

126 492 201 566 Vile
213 484 320 560 solum
328 488 439 576 patria
451 487 579 562 est.At
593 505 631 579 tu
644 487 688 561 ne*
702 506 811 561 temne
823 486 950 559 metalli

127 583 305 657 Indetores
317 601 441 665 cunas,
459 579 565 677 quim
577 580 724 675 primum
737 577 841 651 exibit
853 578 888 650 in
898 590 1003 646 autes

127 680 276 770 Altaque
288 694 490 766 magnorun
504 673 612 768 tinget
624 669 796 783 laquearia
805 674 964 762 Regum.

128 767 229 843 Disce
240 765 424 847 hinc,non
435 767 568 842 obstate
578 767 659 841 viris
669 764 953 862 ignobile-tetstutn
965 804 979 839 ,

128 858 337 961 Qumintis
351 859 694 956 emergentepeetium
708 853 979 932 virtutishebeto

127 953 223 1028 lutri
238 970 271 1024 te
281 951 439 1045 positum,
456 956 565 1026 Famae
576 953 743 1026 donabere
754 953 904 1044 tempim
944 989 946 995 ·

128 1039 1002 1141 Dixerat,iuquealiaetaliisspestaculateuduut2

174 1135 314 1211 Ultima'
321 1136 480 1211 thesauris
488 1139 531 1213 de
542 1159 598 1213 tot
611 1138 739 1212 telluris
751 1154 873 1230 opettae
955 1182 958 1187 -

129 1226 848 1312 Visererestebttsedueteeeloribusantra,

129 1329 252 1421 Deque
262 1321 436 1417 supercilio
447 1326 580 1398 crebras
588 1323 743 1398 stillantia
756 1342 893 1417 guttesz
935 1358 938 1363 ·

129 1424 171 1492 Iu
180 1418 323 1512 glaciem
335 1418 430 1512 cogit
440 1419 555 1493 latices
566 1420 624 1492 ubi
638 1417 766 1490 daedua
778 1417 920 1497 bruma,
939 1472 942 1477 .

130 1520 255 1609 Qos,
274 1532 314 1581 ne
328 1530 487 1585 concreto
498 1509 868 1606 lapidescuntcorpore,
881 1507 988 1581 mites

48 1610 58 1623 “
88 1627 92 1633 ·
130 1604 525 1698 Temperatingemmas
536 1606 587 1678 vis
599 1601 792 1710 imperfeessa
802 1601 944 1696 rigoris.
977 1642 983 1649 ·

30 1734 37 1744 ·
130 1699 251 1773 Dulcis
264 1695 307 1768 ab
320 1699 454 1771 austero.
462 1699 552 1773 venit
562 1716 599 1770 ut
610 1696 665 1772 sua
675 1717 787 1789 gratia
796 1718 905 1790 pomo

131 1798 232 1871 Parte
243 1785 292 1860 sui
302 1787 416 1862 medii
428 1815 505 1865 cuin
515 1796 585 1878 jem
594 1791 897 1870 maturuit‚acrem
950 1827 952 1830 -

132 1886 208 1957 Nec
220 1881 298 1962 setis
310 1882 445 1957 excoxit
458 1882 591 1956 succum
605 1882 814 1975 penetrabilis
826 1881 940 1952 estat.

132 1973 216 2072 Qi
230 1973 324 2044 fimul
337 1996 377 2046 ac
390 1976 550 2057 veniunt,
561 1975 676 2048 vestita
686 1996 746 2076 per
758 1975 845 2047 atria
857 1968 974 2045 musco
984 1999 1002 2053 ,·

117 2063 388 2159 -uerspicuosque
398 2073 474 2158 gelu
486 2064 790 2164 mutps,arcusque
800 2068 925 2139 nivales

133 2158 223 2233 Mille
232 2156 346 2231 modis
358 2156 560 2251 speculorum
574 2160 713 2235 aderaut
723 2159 925 2237 discrimina:
937 2156 1096 2322 {uadem

134 2252 249 2325 Pitios
261 2250 448 2327 admittunt
462 2251 582 2337 flores,
597 2255 863 2348 documentaque
876 2273 941 2342 prae
972 2272 1036 2322 aut

134 2350 299 2418 Humane
309 2339 404 2419 [ortis
416 2370 487 2420 uon
497 2349 593 2420 omni
603 2370 644 2421 ex
657 2346 882 2442 partebeetae,

135 2437 246 2528 Qud
256 2460 311 2510 ver
323 2457 515 2534 perpetuent
527 2438 635 2513 oculis
648 2477 662 2511 ³
677 2438 731 2512 sed
744 2439 862 2512 odoris
873 2459 1042 2529 egenum.

135 2535 294 2624 Cumque
302 2531 344 2603 fit
353 2532 489 2626 egelida
506 2531 570 2605 dot
581 2532 839 2628 prestantiffima
851 2530 1024 2622 lymphae,

135 2624 289 2696 Reddere
302 2622 436 2717 spestati
447 2625 620 2700 fimulacta
630 2625 775 2698 fideliter
787 2625 879 2703 oris,
916 2661 917 2665 ¹
963 2664 966 2671 ·

134 2716 271 2788 Mentiri
282 2717 438 2809 quedam
447 2718 640 2795 muttcum
650 2718 747 2791 laude
758 2718 941 2808 jubenturz

135 2807 291 2882 Grandia
304 2810 520 2892 diminuunt,
537 2811 678 2883 minima
689 2807 936 2903 iugtandescere
947 2824 1101 2902 cogunt,

137 2901 280 2981 ,Vicinus
293 2923 466 2979 removent
480 2926 555 2986 rex,
568 2901 799 2998 accersuntque
809 2916 958 2974 remotas
973 2951 984 2970 .

182 3000 295 3087 Atque
307 2991 363 3067 hic
376 2994 555 3070 candidior
564 2996 666 3090 longe
681 2998 757 3068 Dea
769 2995 916 3068 candida
927 2993 1029 3066 rebus

141 3095 240 3183 Qus
250 3088 478 3168 docet‚effari
487 3089 532 3160 fic
544 3089 767 3183 incipitzotia
780 3086 904 3183 semper
1021 3130 1026 3136 ·

136 3181 221 3252 Non
236 3180 316 3262 alit,
330 3199 368 3269 ut
381 3182 512 3260 credis,
530 3202 591 3255 nec
624 3181 722 3254 endet
734 3181 846 3252 inutile
858 3178 995 3272 pondus

138 3271 319 3346 Foemineis
331 3273 485 3351 manibus
497 3206 622 3345 deterii
624 3275 751 3346 lamina
764 3273 862 3345 vitri.

140 3363 317 3447 Interdum
325 3365 424 3441 docet
433 3365 489 3442 ilia
501 3364 614 3448 viam,
633 3389 707 3459 quae
719 3363 817 3442 ducit-
825 3364 872 3442 ad
880 3364 998 3530 asttaU
1025 3458 1047 3530 d

418 3480 427 3498 “
999 3484 1020 3530 n
1050 3484 1083 3535 ἰ»
