2444 3900
193 295 239 389 90
455 299 678 370 muru
725 296 800 370 1‘v;

147 447 234 519 Luce
249 466 289 515 ne
302 438 468 521 vescatur,
480 439 672 537 siveindiga
683 438 785 521 lucis,
798 449 830 512 dc
841 462 928 512 urnae
941 488 952 519 ,

75 609 78 615 .
148 544 221 611 Has
236 536 482 610 circumvolitcr
493 554 615 616 terras,
631 536 842 624 nostramque
856 533 1026 626 requirat,

145 632 371 726 Imploretque
379 651 537 707 manum,
552 632 722 700 cumulum
735 649 807 718 quae
821 626 924 696 donet
936 650 1060 708 arent,

146 724 268 796 Dicere
281 745 351 794 non
362 722 484 794 aufim:
502 719 654 794 clementi
666 741 798 795 munere
813 719 941 793 Diutim

147 821 233 908 Qe
244 817 267 886 fi
279 812 380 907 spirat
392 815 503 888 adhuc
517 864 527 895 ,
542 815 565 884 fi
578 812 662 886 forte
673 814 924 902 moraturrpud
937 818 986 891 Te
1002 865 1015 897 ,

147 909 257 981 Visere
267 909 311 979 da
324 929 458 1001 precor,
469 916 501 979 δι
512 931 651 979 nurnero
662 931 715 978 mc
725 905 824 981 redde
836 929 1008 979 meorum:

148 1006 437 1100 Qalemcumquc
447 997 556 1071 serunt
568 998 687 1072 sortem
697 996 835 1092 perferre
849 1020 1009 1088 paratus,

146 1092 330 1167 Unanimis
343 1143 353 1174 ,
368 1092 461 1163 foelix
472 1118 540 1165 non
553 1092 631 1172 else,
647 1092 780 1164 miserve
794 1090 926 1165 recuso.

146 1185 281 1258 Talibus
291 1186 432 1257 orabat:
448 1186 626 1257 eontracui
641 1184 720 1258 talia
730 1181 844 1255 reddit

147 1284 233 1372 Saga
248 1280 354 1371 perita
366 1278 466 1350 dolos
479 1277 574 1350 hilari
584 1296 756 1370 praetexere
767 1273 814 1349 ris
843 1327 854 1349 .

195 1371 291 1443 Mitte
301 1393 425 1464 graves
438 1394 536 1442 curas
548 1380 603 1453 ,δι
618 1371 718 1444 verbo
730 1369 879 1441 sonantia
890 1369 1048 1463 questus,

145 1461 275 1560 Hospes
285 1463 630 1546 amice,dccentalias
641 1465 709 1535 haec
722 1462 861 1535 nomina
872 1485 1001 1546 terras,

146 1557 330 1645 Infincerus
343 1556 398 1628 ubi
411 1554 491 1635 risus
503 1606 515 1634 ,
526 1580 586 1628 nec
596 1562 695 1628 mella
705 1556 862 1628 bibuntur

145 1652 226 1721 Ulla
238 1651 524 1742 voluptatumne
535 1673 602 1720 non
612 1648 760 1742 aspergat
769 1672 921 1721 amaror.

145 1744 214 1814 Hic
235 1741 291 1813 ubi
313 1763 391 1811 cura
403 1747 539 1835 procul,
563 1741 661 1814 dolor
670 1747 799 1822 exulat,
819 1748 973 1834 alnraque
986 1744 1106 1837 Regna

145 1839 221 1906 Pax
235 1852 349 1913 tenet,
361 1841 394 1904 δι
409 1834 565 1906 Charites
577 1834 719 1905 volitant
732 1835 767 1905 in
782 1836 869 1906 ueste
882 1833 1016 1917 solutae,
1102 1886 1104 1890 ι

145 1924 338 2001 Exercenda
348 1925 408 1997 tibi
422 1923 557 2014 superest
566 1947 619 1998 ars
631 1926 753 2016 unica(
759 1923 841 1998 disci

146 2025 261 2110 Atque
275 2017 392 2088 eadem
403 2012 531 2099 facilis,
546 2019 626 2090 nulli
638 2041 705 2090 non
718 2019 817 2111 insita
829 2019 953 2104 cordi>

147 2109 234 2182 Scire
245 2106 332 2205 furi:
356 2107 451 2182 foelix
462 2108 530 2181 lieri
541 2111 666 2198 patiare
679 2111 840 2185 libenter.

139 2208 195 2272 ‘At
208 2201 290 2273 cave
300 2250 311 2281 ,
323 2200 366 2271 ne*
377 2205 481 2293 partis
492 2224 604 2280 cereas
614 2253 625 2283 ,
637 2204 662 2274 sr
674 2202 801 2277 nescius
815 2206 885 2276 uti:

146 2294 276 2368 Vivunt
287 2294 395 2368 amiffi
412 2298 589 2379 Comites,
602 2297 716 2369 defiste
728 2300 844 2370 timere
858 2324 869 2379 3

145 2392 191 2460 Er
202 2389 283 2481 quia
298 2387 339 2461 de
353 2389 496 2483 geminis
509 2395 660 2462 Fortunae
672 2392 836 2470 vultibus,
850 2416 952 2465 omne

145 2482 254 2568 Quod
266 2481 423 2555 timeatur
437 2482 526 2554 abest
538 2534 547 2562 ,
560 2492 595 2554 ἃ
609 2483 699 2556 adest
710 2485 951 2579 quodcumque
963 2491 1105 2589 cupitur,

145 2575 194 2644 Hi
209 2579 286 2648 vere*
297 2577 415 2648 vivunt
430 2577 733 2649 :numeroreddcre
743 2597 902 2657 tuorum,

146 2672 297 2762 Qaeque
311 2672 442 2741 Ducem
453 2669 592 2751 deceat,
603 2674 727 2758 majore
740 2669 879 2741 beabere
890 2667 1001 2747 sorte.

145 2761 970 2855 Dillrahatulterinsne'temoralongavidrndi,

146 2861 253 2927 Porta
267 2854 447 2928 renidentis
459 2879 532 2951 quae
543 2854 640 2927 ducit
651 2856 695 2927 ad
704 2857 778 2927 oria
787 2851 885 2949 sylvae
895 2900 909 2936 -,

146 2951 228 3019 Haec
242 2948 310 3028 est,
324 2971 426 3039 quam
439 2948 563 3039 spectas
573 2997 583 3028 ,
594 2948 659 3019 una*
668 2947 896 3040 ingrediamur
909 2975 920 3032 3
935 2959 969 3026 δι
979 2950 1068 3030 inter

147 3037 277 3120 Verba,
289 3037 378 3111 fores
392 3041 495 3132 pulsat
505 3040 614 3115 fatalis
626 3040 761 3135 cuspide
774 3041 900 3134 virgaee

146 3126 286 3203 Pulsarae
298 3126 446 3212 sonuere,
465 3135 657 3225 patentibus
669 3134 761 3205 illico
773 3136 881 3206 ualuis

148 3223 522 3296 claustrarelaxantur.
542 3230 650 3298 Solers
662 3249 729 3298 non
743 3227 894 3316 perdidit
904 3233 1022 3315 Htros

147 3320 231 3388 Tem
257 3336 340 3394 ora,
355 3316 509 3407 siparium
520 3322 638 3409 clypeo
649 3317 811 3401 detraxit,
825 3329 858 3392 &
871 3325 940 3397 alte*

148 3412 200 3487 Ex
251 3407 923 3498 ‘tonsorem-vorlmlnaullrrefullu,

171 3520 184 3567 t
923 3515 1067 3612 ¹{mple-
