<?xml version="1.0" encoding="UTF-8"?>
<!DOCTYPE html PUBLIC "-//W3C//DTD XHTML 1.0 Transitional//EN"
    "http://www.w3.org/TR/xhtml1/DTD/xhtml1-transitional.dtd">
<html xmlns="http://www.w3.org/1999/xhtml" xml:lang="en" lang="en">
 <head>
  <title>
</title>
<meta http-equiv="Content-Type" content="text/html;charset=utf-8" />
  <meta name='ocr-system' content='tesseract 3.04.00' />
  <meta name='ocr-capabilities' content='ocr_page ocr_carea ocr_par ocr_line ocrx_word'/>
</head>
<body>
  <div class='ocr_page' id='page_1' title='image "./columbuscarmene00carrgoog_0102.png"; bbox 0 0 2444 3900; ppageno 0'>
   <div class='ocr_carea' id='block_1_1' title="bbox 468 246 1057 355">
    <p class='ocr_par' dir='ltr' id='par_1_1' title="bbox 468 246 1057 355">
     <span class='ocr_line' id='line_1_1' title="bbox 468 246 1057 355; baseline -0.007 -3"><span class='ocrx_word' id='word_1_1' title='bbox 468 246 811 355; x_wconf 74' lang='lat' dir='ltr'>tranat.¹</span> <span class='ocrx_word' id='word_1_2' title='bbox 996 300 1057 350; x_wconf 88' lang='lat'>101</span> 
     </span>
    </p>
   </div>
   <div class='ocr_carea' id='block_1_2' title="bbox 137 362 1104 799">
    <p class='ocr_par' dir='ltr' id='par_1_2' title="bbox 137 362 1104 799">
     <span class='ocr_line' id='line_1_2' title="bbox 884 362 889 394; baseline 0 0"><span class='ocrx_word' id='word_1_3' title='bbox 884 362 889 394; x_wconf 84' lang='lat' dir='ltr'>l</span> 
     </span>
     <span class='ocr_line' id='line_1_3' title="bbox 140 417 1008 519; baseline -0.008 -19"><span class='ocrx_word' id='word_1_4' title='bbox 140 432 230 506; x_wconf 88' lang='lat' dir='ltr'>Ore,</span> <span class='ocrx_word' id='word_1_5' title='bbox 243 422 358 498; x_wconf 90' lang='lat' dir='ltr'>habitu</span> <span class='ocrx_word' id='word_1_6' title='bbox 370 476 380 508; x_wconf 91' lang='lat'><strong><em>,</em></strong></span> <span class='ocrx_word' id='word_1_7' title='bbox 393 422 458 499; x_wconf 89' lang='lat' dir='ltr'>ritu</span> <span class='ocrx_word' id='word_1_8' title='bbox 468 475 480 508; x_wconf 89' lang='lat'>,</span> <span class='ocrx_word' id='word_1_9' title='bbox 492 426 613 518; x_wconf 79' lang='lat' dir='ltr'>linguis</span> <span class='ocrx_word' id='word_1_10' title='bbox 627 477 637 506; x_wconf 89' lang='lat'>,</span> <span class='ocrx_word' id='word_1_11' title='bbox 651 423 850 519; x_wconf 66' lang='lat' dir='ltr'>patriique,</span> <span class='ocrx_word' id='word_1_12' title='bbox 868 417 1008 516; x_wconf 82' lang='lat' dir='ltr'>Diisque</span> 
     </span>
     <span class='ocr_line' id='line_1_4' title="bbox 137 514 1082 599; baseline -0.006 -7"><span class='ocrx_word' id='word_1_13' title='bbox 137 517 341 593; x_wconf 84' lang='lat' dir='ltr'>Discordare</span> <span class='ocrx_word' id='word_1_14' title='bbox 355 543 471 592; x_wconf 87' lang='lat' dir='ltr'>omnes</span> <span class='ocrx_word' id='word_1_15' title='bbox 482 571 493 599; x_wconf 87' lang='lat'>,</span> <span class='ocrx_word' id='word_1_16' title='bbox 504 540 649 591; x_wconf 85' lang='lat' dir='ltr'>mentem</span> <span class='ocrx_word' id='word_1_17' title='bbox 664 539 774 590; x_wconf 85' lang='lat' dir='ltr'>tamen</span> <span class='ocrx_word' id='word_1_18' title='bbox 784 514 942 588; x_wconf 84' lang='lat' dir='ltr'>omnibus</span> <span class='ocrx_word' id='word_1_19' title='bbox 958 538 1082 595; x_wconf 86' lang='lat' dir='ltr'>unam,</span> 
     </span>
     <span class='ocr_line' id='line_1_5' title="bbox 139 608 1104 706; baseline -0.009 -18"><span class='ocrx_word' id='word_1_20' title='bbox 139 620 329 688; x_wconf 85' lang='lat' dir='ltr'>Granatarn</span> <span class='ocrx_word' id='word_1_21' title='bbox 342 615 538 706; x_wconf 87' lang='lat' dir='ltr'>Regnorum</span> <span class='ocrx_word' id='word_1_22' title='bbox 548 616 711 684; x_wconf 87' lang='lat' dir='ltr'>Helenam</span> <span class='ocrx_word' id='word_1_23' title='bbox 725 608 898 682; x_wconf 86' lang='lat' dir='ltr'>defendere</span> <span class='ocrx_word' id='word_1_24' title='bbox 910 626 1026 701; x_wconf 85' lang='lat' dir='ltr'>raptu.</span> <span class='ocrx_word' id='word_1_25' title='bbox 1102 639 1104 643; x_wconf 45' lang='lat'><em>⁷</em></span> 
     </span>
     <span class='ocr_line' id='line_1_6' title="bbox 186 699 817 799; baseline -0.006 -23"><span class='ocrx_word' id='word_1_26' title='bbox 186 706 225 776; x_wconf 79' lang='grc' dir='ltr'><strong>Ε</strong></span> <span class='ocrx_word' id='word_1_27' title='bbox 237 705 413 799; x_wconf 81' lang='lat' dir='ltr'>Tingitani</span> <span class='ocrx_word' id='word_1_28' title='bbox 424 706 624 796; x_wconf 77' lang='lat' dir='ltr'>jamdudum</span> <span class='ocrx_word' id='word_1_29' title='bbox 637 705 746 776; x_wconf 83' lang='lat' dir='ltr'>lituris</span> <span class='ocrx_word' id='word_1_30' title='bbox 756 699 817 780; x_wconf 76' lang='lat' dir='ltr'>ord</span> 
     </span>
    </p>
   </div>
   <div class='ocr_carea' id='block_1_3' title="bbox 91 795 1190 3595">
    <p class='ocr_par' dir='ltr' id='par_1_3' title="bbox 139 795 922 895">
     <span class='ocr_line' id='line_1_7' title="bbox 139 795 922 895; baseline -0.008 -24"><span class='ocrx_word' id='word_1_31' title='bbox 139 805 342 893; x_wconf 86' lang='lat' dir='ltr'>Etupturam</span> <span class='ocrx_word' id='word_1_32' title='bbox 356 799 512 895; x_wconf 83' lang='lat' dir='ltr'>hyemem</span> <span class='ocrx_word' id='word_1_33' title='bbox 525 799 616 891; x_wconf 84' lang='lat' dir='ltr'>vigili</span> <span class='ocrx_word' id='word_1_34' title='bbox 630 795 835 892; x_wconf 76' lang='lat' dir='ltr'>praesenserat</span> <span class='ocrx_word' id='word_1_35' title='bbox 843 816 922 867; x_wconf 87' lang='lat' dir='ltr'>aure</span> 
     </span>
    </p>

    <p class='ocr_par' dir='ltr' id='par_1_4' title="bbox 138 889 825 986">
     <span class='ocr_line' id='line_1_8' title="bbox 138 889 825 986; baseline -0.004 -22"><span class='ocrx_word' id='word_1_36' title='bbox 138 891 275 964; x_wconf 83' lang='lat' dir='ltr'>liabella</span> <span class='ocrx_word' id='word_1_37' title='bbox 285 889 406 986; x_wconf 86' lang='lat' dir='ltr'>sagax,</span> <span class='ocrx_word' id='word_1_38' title='bbox 422 891 534 964; x_wconf 88' lang='lat' dir='ltr'>omnis</span> <span class='ocrx_word' id='word_1_39' title='bbox 545 893 599 964; x_wconf 89' lang='lat' dir='ltr'>cui</span> <span class='ocrx_word' id='word_1_40' title='bbox 608 893 736 964; x_wconf 87' lang='lat' dir='ltr'>tradita</span> <span class='ocrx_word' id='word_1_41' title='bbox 747 913 825 962; x_wconf 87' lang='lat' dir='ltr'>cura</span> 
     </span>
    </p>

    <p class='ocr_par' dir='ltr' id='par_1_5' title="bbox 138 978 1069 1080">
     <span class='ocr_line' id='line_1_9' title="bbox 138 978 1069 1080; baseline 0 -24"><span class='ocrx_word' id='word_1_42' title='bbox 138 986 334 1080; x_wconf 86' lang='lat' dir='ltr'>Irnperitare</span> <span class='ocrx_word' id='word_1_43' title='bbox 346 987 452 1066; x_wconf 81' lang='lat' dir='ltr'>inari,</span> <span class='ocrx_word' id='word_1_44' title='bbox 471 983 634 1056; x_wconf 79' lang='lat' dir='ltr'>surranum</span> <span class='ocrx_word' id='word_1_45' title='bbox 647 1005 721 1057; x_wconf 87' lang='lat' dir='ltr'>rata</span> <span class='ocrx_word' id='word_1_46' title='bbox 733 985 900 1060; x_wconf 87' lang='lat' dir='ltr'>dedecus,</span> <span class='ocrx_word' id='word_1_47' title='bbox 913 978 1069 1058; x_wconf 83' lang='lat' dir='ltr'>umbram</span> 
     </span>
    </p>

    <p class='ocr_par' dir='ltr' id='par_1_6' title="bbox 121 1076 873 1172">
     <span class='ocr_line' id='line_1_10' title="bbox 121 1076 873 1172; baseline -0.007 -22"><span class='ocrx_word' id='word_1_48' title='bbox 121 1085 304 1172; x_wconf 25' lang='lat' dir='ltr'>,ignavam</span> <span class='ocrx_word' id='word_1_49' title='bbox 314 1076 426 1148; x_wconf 83' lang='lat' dir='ltr'>foville</span> <span class='ocrx_word' id='word_1_50' title='bbox 445 1077 562 1154; x_wconf 77' lang='lat' dir='ltr'>dorni,</span> <span class='ocrx_word' id='word_1_51' title='bbox 576 1080 716 1151; x_wconf 83' lang='lat' dir='ltr'>bellante</span> <span class='ocrx_word' id='word_1_52' title='bbox 728 1076 873 1148; x_wconf 84' lang='lat' dir='ltr'>Marito.</span> 
     </span>
    </p>

    <p class='ocr_par' dir='ltr' id='par_1_7' title="bbox 137 1165 1014 1264">
     <span class='ocr_line' id='line_1_11' title="bbox 137 1165 1014 1264; baseline -0.001 -22"><span class='ocrx_word' id='word_1_53' title='bbox 137 1177 240 1242; x_wconf 85' lang='lat' dir='ltr'>Hanc</span> <span class='ocrx_word' id='word_1_54' title='bbox 251 1173 352 1264; x_wconf 69' lang='lat' dir='ltr'>penes</span> <span class='ocrx_word' id='word_1_55' title='bbox 363 1171 407 1251; x_wconf 82' lang='lat' dir='ltr'>ad</span> <span class='ocrx_word' id='word_1_56' title='bbox 421 1176 555 1242; x_wconf 82' lang='lat' dir='ltr'>Malaca:</span> <span class='ocrx_word' id='word_1_57' title='bbox 566 1191 699 1264; x_wconf 80' lang='lat' dir='ltr'>portum</span> <span class='ocrx_word' id='word_1_58' title='bbox 711 1171 783 1241; x_wconf 87' lang='lat' dir='ltr'>ttim</span> <span class='ocrx_word' id='word_1_59' title='bbox 797 1165 903 1240; x_wconf 84' lang='lat' dir='ltr'>dallis</span> <span class='ocrx_word' id='word_1_60' title='bbox 916 1172 1014 1241; x_wconf 83' lang='lat' dir='ltr'>Iberae</span> 
     </span>
    </p>

    <p class='ocr_par' dir='ltr' id='par_1_8' title="bbox 137 1261 935 1356">
     <span class='ocr_line' id='line_1_12' title="bbox 137 1261 935 1356; baseline -0.006 -20"><span class='ocrx_word' id='word_1_61' title='bbox 137 1264 256 1336; x_wconf 85' lang='lat' dir='ltr'>Stabat</span> <span class='ocrx_word' id='word_1_62' title='bbox 266 1286 366 1344; x_wconf 85' lang='lat' dir='ltr'>onus,</span> <span class='ocrx_word' id='word_1_63' title='bbox 383 1264 515 1356; x_wconf 84' lang='lat' dir='ltr'>Regina</span> <span class='ocrx_word' id='word_1_64' title='bbox 525 1263 613 1335; x_wconf 84' lang='lat' dir='ltr'>vices</span> <span class='ocrx_word' id='word_1_65' title='bbox 624 1263 668 1336; x_wconf 84' lang='lat' dir='ltr'>ibi</span> <span class='ocrx_word' id='word_1_66' title='bbox 679 1264 781 1354; x_wconf 85' lang='lat' dir='ltr'>Regis</span> <span class='ocrx_word' id='word_1_67' title='bbox 792 1261 935 1352; x_wconf 82' lang='lat' dir='ltr'>agebat.</span> 
     </span>
    </p>

    <p class='ocr_par' dir='ltr' id='par_1_9' title="bbox 136 1348 1097 1452">
     <span class='ocr_line' id='line_1_13' title="bbox 136 1348 1097 1452; baseline 0 -26"><span class='ocrx_word' id='word_1_68' title='bbox 136 1365 223 1452; x_wconf 85' lang='lat' dir='ltr'>Qae</span> <span class='ocrx_word' id='word_1_69' title='bbox 236 1357 330 1427; x_wconf 84' lang='lat' dir='ltr'>fimul</span> <span class='ocrx_word' id='word_1_70' title='bbox 342 1357 526 1429; x_wconf 85' lang='lat' dir='ltr'>adventum</span> <span class='ocrx_word' id='word_1_71' title='bbox 540 1355 747 1448; x_wconf 81' lang='lat' dir='ltr'>properantis</span> <span class='ocrx_word' id='word_1_72' title='bbox 758 1354 912 1428; x_wconf 77' lang='lat' dir='ltr'>obaudiit</span> <span class='ocrx_word' id='word_1_73' title='bbox 926 1348 1000 1426; x_wconf 78' lang='lat' dir='ltr'>Afri</span> <span class='ocrx_word' id='word_1_74' title='bbox 1015 1403 1027 1434; x_wconf 89' lang='lat'>,</span> <span class='ocrx_word' id='word_1_75' title='bbox 1090 1387 1097 1391; x_wconf 95' lang='lat'>·</span> 
     </span>
    </p>

    <p class='ocr_par' dir='ltr' id='par_1_10' title="bbox 136 1444 1104 1542">
     <span class='ocr_line' id='line_1_14' title="bbox 136 1444 1104 1542; baseline -0.009 -20"><span class='ocrx_word' id='word_1_76' title='bbox 136 1456 193 1522; x_wconf 89' lang='lat' dir='ltr'>Me</span> <span class='ocrx_word' id='word_1_77' title='bbox 210 1448 461 1542; x_wconf 82' lang='lat' dir='ltr'>vocat(huspes</span> <span class='ocrx_word' id='word_1_78' title='bbox 483 1449 531 1521; x_wconf 93' lang='lat' dir='ltr'>ibi</span> <span class='ocrx_word' id='word_1_79' title='bbox 544 1470 623 1521; x_wconf 82' lang='lat' dir='ltr'>nain</span> <span class='ocrx_word' id='word_1_80' title='bbox 649 1469 729 1522; x_wconf 92' lang='lat' dir='ltr'>tunc</span> <span class='ocrx_word' id='word_1_81' title='bbox 741 1471 808 1541; x_wconf 87' lang='lat' dir='ltr'>ego</span> <span class='ocrx_word' id='word_1_82' title='bbox 820 1444 908 1519; x_wconf 66' lang='lat' dir='ltr'>forte*</span> <span class='ocrx_word' id='word_1_83' title='bbox 919 1444 1104 1531; x_wconf 80' lang='lat' dir='ltr'>morabar)</span> 
     </span>
    </p>

    <p class='ocr_par' dir='ltr' id='par_1_11' title="bbox 134 1537 895 1636">
     <span class='ocr_line' id='line_1_15' title="bbox 134 1537 895 1636; baseline -0.005 -21"><span class='ocrx_word' id='word_1_84' title='bbox 134 1551 225 1615; x_wconf 86' lang='lat' dir='ltr'>Mox</span> <span class='ocrx_word' id='word_1_85' title='bbox 234 1541 284 1612; x_wconf 85' lang='lat' dir='ltr'>ita</span> <span class='ocrx_word' id='word_1_86' title='bbox 299 1537 481 1636; x_wconf 83' lang='lat' dir='ltr'>:Regaletn</span> <span class='ocrx_word' id='word_1_87' title='bbox 491 1542 626 1616; x_wconf 84' lang='lat' dir='ltr'>tentasti</span> <span class='ocrx_word' id='word_1_88' title='bbox 637 1539 750 1634; x_wconf 78' lang='lat' dir='ltr'>saepius</span> <span class='ocrx_word' id='word_1_89' title='bbox 763 1563 895 1620; x_wconf 87' lang='lat' dir='ltr'>aurem,</span> 
     </span>
    </p>

    <p class='ocr_par' dir='ltr' id='par_1_12' title="bbox 133 1631 1006 1719">
     <span class='ocr_line' id='line_1_16' title="bbox 133 1631 1006 1719; baseline -0.002 -12"><span class='ocrx_word' id='word_1_90' title='bbox 133 1637 221 1707; x_wconf 90' lang='lat' dir='ltr'>Non</span> <span class='ocrx_word' id='word_1_91' title='bbox 230 1632 368 1706; x_wconf 78' lang='lat' dir='ltr'>humilis</span> <span class='ocrx_word' id='word_1_92' title='bbox 374 1633 477 1709; x_wconf 84' lang='lat' dir='ltr'>cauiae</span> <span class='ocrx_word' id='word_1_93' title='bbox 491 1638 637 1719; x_wconf 86' lang='lat' dir='ltr'>Orator,</span> <span class='ocrx_word' id='word_1_94' title='bbox 650 1635 733 1707; x_wconf 84' lang='lat' dir='ltr'>dtlm</span> <span class='ocrx_word' id='word_1_95' title='bbox 748 1634 883 1708; x_wconf 87' lang='lat' dir='ltr'>nautica</span> <span class='ocrx_word' id='word_1_96' title='bbox 895 1631 1006 1706; x_wconf 90' lang='lat' dir='ltr'>Nobis</span> 
     </span>
    </p>

    <p class='ocr_par' dir='ltr' id='par_1_13' title="bbox 134 1727 1018 1824">
     <span class='ocr_line' id='line_1_17' title="bbox 134 1727 1018 1824; baseline 0 -26"><span class='ocrx_word' id='word_1_97' title='bbox 134 1736 359 1801; x_wconf 80' lang='lat' dir='ltr'>Aturarnenta</span> <span class='ocrx_word' id='word_1_98' title='bbox 372 1729 476 1824; x_wconf 84' lang='lat' dir='ltr'>petis,</span> <span class='ocrx_word' id='word_1_99' title='bbox 493 1728 614 1824; x_wconf 89' lang='lat' dir='ltr'>quibus</span> <span class='ocrx_word' id='word_1_100' title='bbox 624 1753 737 1822; x_wconf 81' lang='lat' dir='ltr'>aequor</span> <span class='ocrx_word' id='word_1_101' title='bbox 747 1751 836 1800; x_wconf 86' lang='lat' dir='ltr'>arare</span> <span class='ocrx_word' id='word_1_102' title='bbox 848 1727 1018 1820; x_wconf 86' lang='lat' dir='ltr'>repostum</span> 
     </span>
    </p>

    <p class='ocr_par' dir='ltr' id='par_1_14' title="bbox 134 1820 974 1918">
     <span class='ocr_line' id='line_1_18' title="bbox 134 1820 974 1918; baseline 0 -25"><span class='ocrx_word' id='word_1_103' title='bbox 134 1820 231 1893; x_wconf 86' lang='lat' dir='ltr'>Fidis</span> <span class='ocrx_word' id='word_1_104' title='bbox 242 1873 251 1903; x_wconf 89' lang='lat'>,</span> <span class='ocrx_word' id='word_1_105' title='bbox 264 1829 296 1892; x_wconf 75' lang='grc' dir='ltr'>δι</span> <span class='ocrx_word' id='word_1_106' title='bbox 306 1820 494 1896; x_wconf 66' lang='lat' dir='ltr'>obstructos</span> <span class='ocrx_word' id='word_1_107' title='bbox 505 1822 629 1918; x_wconf 85' lang='lat' dir='ltr'>aperire</span> <span class='ocrx_word' id='word_1_108' title='bbox 641 1821 835 1916; x_wconf 89' lang='lat' dir='ltr'>Nepotibus</span> <span class='ocrx_word' id='word_1_109' title='bbox 850 1822 974 1893; x_wconf 82' lang='lat' dir='ltr'><strong>Indos:</strong></span> 
     </span>
    </p>

    <p class='ocr_par' dir='ltr' id='par_1_15' title="bbox 133 1913 1043 2009">
     <span class='ocr_line' id='line_1_19' title="bbox 133 1913 1043 2009; baseline 0.004 -26"><span class='ocrx_word' id='word_1_110' title='bbox 133 1920 166 1983; x_wconf 87' lang='lat' dir='ltr'><strong>V</strong></span> <span class='ocrx_word' id='word_1_111' title='bbox 171 1934 267 1986; x_wconf 87' lang='lat' dir='ltr'>otum</span> <span class='ocrx_word' id='word_1_112' title='bbox 277 1914 406 2009; x_wconf 83' lang='lat' dir='ltr'>grande</span> <span class='ocrx_word' id='word_1_113' title='bbox 421 1915 558 2008; x_wconf 69' lang='lat' dir='ltr'>quiden]</span> <span class='ocrx_word' id='word_1_114' title='bbox 573 1964 584 1995; x_wconf 84' lang='lat'>,</span> <span class='ocrx_word' id='word_1_115' title='bbox 597 1939 678 1989; x_wconf 90' lang='lat' dir='ltr'>num</span> <span class='ocrx_word' id='word_1_116' title='bbox 690 1917 731 1996; x_wconf 83' lang='lat' dir='ltr'>lit</span> <span class='ocrx_word' id='word_1_117' title='bbox 744 1913 914 1989; x_wconf 79' lang='lat' dir='ltr'>laudabile</span> <span class='ocrx_word' id='word_1_118' title='bbox 929 1965 938 1994; x_wconf 94' lang='lat'>,</span> <span class='ocrx_word' id='word_1_119' title='bbox 951 1913 1043 1987; x_wconf 84' lang='lat' dir='ltr'>tellis</span> 
     </span>
    </p>

    <p class='ocr_par' dir='ltr' id='par_1_16' title="bbox 133 2006 999 2102">
     <span class='ocr_line' id='line_1_20' title="bbox 133 2006 999 2102; baseline 0.006 -25"><span class='ocrx_word' id='word_1_120' title='bbox 133 2010 188 2078; x_wconf 87' lang='lat' dir='ltr'>Tu</span> <span class='ocrx_word' id='word_1_121' title='bbox 200 2006 259 2078; x_wconf 84' lang='lat' dir='ltr'>tibi</span> <span class='ocrx_word' id='word_1_122' title='bbox 275 2033 284 2087; x_wconf 92' lang='lat'>;</span> <span class='ocrx_word' id='word_1_123' title='bbox 299 2029 366 2082; x_wconf 90' lang='lat' dir='ltr'>non</span> <span class='ocrx_word' id='word_1_124' title='bbox 381 2031 421 2080; x_wconf 91' lang='lat' dir='ltr'>ne</span> <span class='ocrx_word' id='word_1_125' title='bbox 431 2031 548 2080; x_wconf 85' lang='lat' dir='ltr'>ornnes</span> <span class='ocrx_word' id='word_1_126' title='bbox 561 2013 700 2102; x_wconf 78' lang='lat' dir='ltr'>Europa</span> <span class='ocrx_word' id='word_1_127' title='bbox 713 2008 852 2084; x_wconf 87' lang='lat' dir='ltr'>consulis</span> <span class='ocrx_word' id='word_1_128' title='bbox 868 2009 999 2091; x_wconf 86' lang='lat' dir='ltr'>Urbes,</span> 
     </span>
    </p>

    <p class='ocr_par' dir='ltr' id='par_1_17' title="bbox 135 2100 935 2198">
     <span class='ocr_line' id='line_1_21' title="bbox 135 2100 935 2198; baseline 0.008 -28"><span class='ocrx_word' id='word_1_129' title='bbox 135 2100 305 2172; x_wconf 84' lang='lat' dir='ltr'>Sollicitas</span> <span class='ocrx_word' id='word_1_130' title='bbox 322 2101 457 2193; x_wconf 84' lang='lat' dir='ltr'>Ligures</span> <span class='ocrx_word' id='word_1_131' title='bbox 467 2151 478 2182; x_wconf 92' lang='lat'><em>,</em></span> <span class='ocrx_word' id='word_1_132' title='bbox 490 2125 550 2173; x_wconf 86' lang='lat' dir='ltr'>nec</span> <span class='ocrx_word' id='word_1_133' title='bbox 559 2101 765 2196; x_wconf 78' lang='lat' dir='ltr'>inexplorata</span> <span class='ocrx_word' id='word_1_134' title='bbox 779 2102 935 2198; x_wconf 83' lang='lat' dir='ltr'>relinquis</span> 
     </span>
    </p>

    <p class='ocr_par' dir='ltr' id='par_1_18' title="bbox 133 2195 813 2291">
     <span class='ocr_line' id='line_1_22' title="bbox 133 2195 813 2291; baseline 0.009 -30"><span class='ocrx_word' id='word_1_135' title='bbox 133 2195 260 2267; x_wconf 75' lang='lat' dir='ltr'>Bellica</span> <span class='ocrx_word' id='word_1_136' title='bbox 273 2195 400 2268; x_wconf 82' lang='lat' dir='ltr'>Lttsraci</span> <span class='ocrx_word' id='word_1_137' title='bbox 414 2195 517 2291; x_wconf 87' lang='lat' dir='ltr'>Regis</span> <span class='ocrx_word' id='word_1_138' title='bbox 528 2198 680 2276; x_wconf 84' lang='lat' dir='ltr'>navalia,</span> <span class='ocrx_word' id='word_1_139' title='bbox 695 2221 755 2268; x_wconf 91' lang='lat' dir='ltr'>nec</span> <span class='ocrx_word' id='word_1_140' title='bbox 766 2201 813 2268; x_wconf 87' lang='lat' dir='ltr'>Te</span> 
     </span>
    </p>

    <p class='ocr_par' dir='ltr' id='par_1_19' title="bbox 132 2286 942 2381">
     <span class='ocr_line' id='line_1_23' title="bbox 132 2286 942 2381; baseline 0.005 -25"><span class='ocrx_word' id='word_1_141' title='bbox 132 2286 300 2357; x_wconf 86' lang='lat' dir='ltr'>Poenituit</span> <span class='ocrx_word' id='word_1_142' title='bbox 312 2291 460 2361; x_wconf 88' lang='lat' dir='ltr'>Batavos</span> <span class='ocrx_word' id='word_1_143' title='bbox 471 2340 481 2374; x_wconf 89' lang='lat'><strong>,</strong></span> <span class='ocrx_word' id='word_1_144' title='bbox 492 2296 525 2359; x_wconf 75' lang='grc' dir='ltr'>δι</span> <span class='ocrx_word' id='word_1_145' title='bbox 539 2309 730 2381; x_wconf 89' lang='lat' dir='ltr'>praetenrare</span> <span class='ocrx_word' id='word_1_146' title='bbox 740 2290 942 2362; x_wconf 73' lang='lat' dir='ltr'>Britannosl</span> 
     </span>
    </p>

    <p class='ocr_par' dir='ltr' id='par_1_20' title="bbox 132 2377 961 2473">
     <span class='ocr_line' id='line_1_24' title="bbox 132 2377 961 2473; baseline 0.004 -24"><span class='ocrx_word' id='word_1_147' title='bbox 132 2377 207 2450; x_wconf 91' lang='lat' dir='ltr'>Dic</span> <span class='ocrx_word' id='word_1_148' title='bbox 224 2397 285 2450; x_wconf 88' lang='lat' dir='ltr'>tua</span> <span class='ocrx_word' id='word_1_149' title='bbox 298 2382 379 2473; x_wconf 87' lang='lat' dir='ltr'>quid</span> <span class='ocrx_word' id='word_1_150' title='bbox 392 2383 496 2456; x_wconf 86' lang='lat' dir='ltr'>valuit</span> <span class='ocrx_word' id='word_1_151' title='bbox 506 2379 662 2454; x_wconf 77' lang='lat' dir='ltr'>facundia</span> <span class='ocrx_word' id='word_1_152' title='bbox 673 2381 687 2450; x_wconf 74' lang='grc' dir='ltr'><strong><em>ἓ</em></strong></span> <span class='ocrx_word' id='word_1_153' title='bbox 700 2406 767 2453; x_wconf 92' lang='lat' dir='ltr'>non</span> <span class='ocrx_word' id='word_1_154' title='bbox 778 2384 836 2454; x_wconf 88' lang='lat' dir='ltr'>nifi</span> <span class='ocrx_word' id='word_1_155' title='bbox 851 2404 961 2453; x_wconf 87' lang='lat' dir='ltr'>tecum</span> 
     </span>
    </p>

    <p class='ocr_par' dir='ltr' id='par_1_21' title="bbox 132 2470 975 2568">
     <span class='ocr_line' id='line_1_25' title="bbox 132 2470 975 2568; baseline 0.007 -27"><span class='ocrx_word' id='word_1_156' title='bbox 132 2476 312 2542; x_wconf 88' lang='lat' dir='ltr'>Attuleras</span> <span class='ocrx_word' id='word_1_157' title='bbox 323 2498 396 2567; x_wconf 86' lang='lat' dir='ltr'>quae</span> <span class='ocrx_word' id='word_1_158' title='bbox 408 2495 489 2549; x_wconf 85' lang='lat' dir='ltr'>vota</span> <span class='ocrx_word' id='word_1_159' title='bbox 502 2527 513 2561; x_wconf 82' lang='lat'>‚</span> <span class='ocrx_word' id='word_1_160' title='bbox 525 2470 621 2546; x_wconf 88' lang='lat' dir='ltr'>refers</span> <span class='ocrx_word' id='word_1_161' title='bbox 633 2524 643 2554; x_wconf 90' lang='lat'><strong><em>,</em></strong></span> <span class='ocrx_word' id='word_1_162' title='bbox 656 2474 814 2568; x_wconf 87' lang='lat' dir='ltr'>omnique</span> <span class='ocrx_word' id='word_1_163' title='bbox 825 2473 951 2546; x_wconf 84' lang='lat' dir='ltr'>recedis</span> <span class='ocrx_word' id='word_1_164' title='bbox 970 2526 975 2533; x_wconf 34' lang='grc' dir='ltr'><em>ψ</em></span> 
     </span>
    </p>

    <p class='ocr_par' dir='ltr' id='par_1_22' title="bbox 132 2563 880 2652">
     <span class='ocr_line' id='line_1_26' title="bbox 132 2563 880 2652; baseline 0 -18"><span class='ocrx_word' id='word_1_165' title='bbox 132 2564 218 2634; x_wconf 89' lang='lat' dir='ltr'>Non</span> <span class='ocrx_word' id='word_1_166' title='bbox 229 2567 425 2652; x_wconf 78' lang='lat' dir='ltr'>exauditus,</span> <span class='ocrx_word' id='word_1_167' title='bbox 437 2572 483 2639; x_wconf 86' lang='lat' dir='ltr'>vel</span> <span class='ocrx_word' id='word_1_168' title='bbox 497 2590 567 2638; x_wconf 90' lang='lat' dir='ltr'>uon</span> <span class='ocrx_word' id='word_1_169' title='bbox 580 2563 716 2638; x_wconf 89' lang='lat' dir='ltr'>auditus</span> <span class='ocrx_word' id='word_1_170' title='bbox 726 2569 770 2639; x_wconf 87' lang='lat' dir='ltr'>ab</span> <span class='ocrx_word' id='word_1_171' title='bbox 783 2568 880 2641; x_wconf 72' lang='lat' dir='ltr'>attld.</span> 
     </span>
    </p>

    <p class='ocr_par' dir='ltr' id='par_1_23' title="bbox 131 2655 1076 2752">
     <span class='ocr_line' id='line_1_27' title="bbox 131 2655 1076 2752; baseline 0.008 -26"><span class='ocrx_word' id='word_1_172' title='bbox 131 2655 306 2752; x_wconf 80' lang='lat' dir='ltr'>Ast..Ego‚</span> <span class='ocrx_word' id='word_1_173' title='bbox 324 2660 523 2734; x_wconf 84' lang='lat' dir='ltr'>damnatam</span> <span class='ocrx_word' id='word_1_174' title='bbox 536 2657 741 2734; x_wconf 68' lang='lat' dir='ltr'>cundisnon</span> <span class='ocrx_word' id='word_1_175' title='bbox 753 2656 1076 2752; x_wconf 76' lang='lat' dir='ltr'>irnprnbocausamt</span> 
     </span>
    </p>

    <p class='ocr_par' dir='ltr' id='par_1_24' title="bbox 132 2749 1064 2849">
     <span class='ocr_line' id='line_1_28' title="bbox 132 2749 1064 2849; baseline 0.003 -25"><span class='ocrx_word' id='word_1_176' title='bbox 132 2749 228 2844; x_wconf 84' lang='lat' dir='ltr'>Qiu</span> <span class='ocrx_word' id='word_1_177' title='bbox 243 2757 351 2846; x_wconf 85' lang='lat' dir='ltr'>placet</span> <span class='ocrx_word' id='word_1_178' title='bbox 363 2754 429 2830; x_wconf 90' lang='lat' dir='ltr'>hoc</span> <span class='ocrx_word' id='word_1_179' title='bbox 442 2750 569 2847; x_wconf 89' lang='lat' dir='ltr'>ipsum,</span> <span class='ocrx_word' id='word_1_180' title='bbox 587 2750 684 2848; x_wconf 89' lang='lat' dir='ltr'>quod</span> <span class='ocrx_word' id='word_1_181' title='bbox 696 2768 751 2823; x_wconf 90' lang='lat' dir='ltr'>tot</span> <span class='ocrx_word' id='word_1_182' title='bbox 764 2752 834 2844; x_wconf 86' lang='lat' dir='ltr'>poll</span> <span class='ocrx_word' id='word_1_183' title='bbox 844 2751 913 2839; x_wconf 83' lang='lat' dir='ltr'>lpse</span> <span class='ocrx_word' id='word_1_184' title='bbox 922 2749 1064 2849; x_wconf 81' lang='lat' dir='ltr'>repulsas</span> 
     </span>
    </p>

    <p class='ocr_par' dir='ltr' id='par_1_25' title="bbox 91 2845 937 2940">
     <span class='ocr_line' id='line_1_29' title="bbox 91 2845 937 2940; baseline 0.005 -28"><span class='ocrx_word' id='word_1_185' title='bbox 91 2889 94 2895; x_wconf 79' lang='lat'><em>,</em></span> <span class='ocrx_word' id='word_1_186' title='bbox 131 2847 324 2933; x_wconf 70' lang='lat' dir='ltr'>IndeJeclus</span> <span class='ocrx_word' id='word_1_187' title='bbox 337 2848 419 2921; x_wconf 87' lang='lat' dir='ltr'>ades</span> <span class='ocrx_word' id='word_1_188' title='bbox 432 2896 443 2929; x_wconf 89' lang='lat'>,</span> <span class='ocrx_word' id='word_1_189' title='bbox 458 2865 642 2940; x_wconf 87' lang='lat' dir='ltr'>votumque</span> <span class='ocrx_word' id='word_1_190' title='bbox 657 2845 807 2924; x_wconf 75' lang='lat' dir='ltr'>tenacius</span> <span class='ocrx_word' id='word_1_191' title='bbox 821 2868 937 2937; x_wconf 87' lang='lat' dir='ltr'>urges:</span> 
     </span>
    </p>

    <p class='ocr_par' dir='ltr' id='par_1_26' title="bbox 129 2933 1099 3103">
     <span class='ocr_line' id='line_1_30' title="bbox 129 2933 1099 3103; baseline 0.012 -99"><span class='ocrx_word' id='word_1_192' title='bbox 129 2933 234 3012; x_wconf 83' lang='lat' dir='ltr'>Adde</span> <span class='ocrx_word' id='word_1_193' title='bbox 242 2989 271 3103; x_wconf 60' lang='lat' dir='ltr'>h</span> <span class='ocrx_word' id='word_1_194' title='bbox 272 2939 376 3034; x_wconf 77' lang='lat' dir='ltr'>quod</span> <span class='ocrx_word' id='word_1_195' title='bbox 388 2938 501 3016; x_wconf 86' lang='lat' dir='ltr'>oranti</span> <span class='ocrx_word' id='word_1_196' title='bbox 514 2937 812 3020; x_wconf 82' lang='lat' dir='ltr'>utfavcam,mihi</span> <span class='ocrx_word' id='word_1_197' title='bbox 823 2947 931 3013; x_wconf 87' lang='lat' dir='ltr'>calcat·</span> <span class='ocrx_word' id='word_1_198' title='bbox 942 2940 978 3014; x_wconf 91' lang='lat' dir='ltr'>id</span> <span class='ocrx_word' id='word_1_199' title='bbox 989 2940 1099 3039; x_wconf 84' lang='lat' dir='ltr'>ipsum</span> 
     </span>
    </p>

    <p class='ocr_par' dir='ltr' id='par_1_27' title="bbox 225 3053 295 3115">
     <span class='ocr_line' id='line_1_31' title="bbox 225 3053 295 3115; baseline 0 0"><span class='ocrx_word' id='word_1_200' title='bbox 225 3053 242 3101; x_wconf 65' lang='grc' dir='ltr'><strong>θ</strong></span> <span class='ocrx_word' id='word_1_201' title='bbox 283 3084 295 3115; x_wconf 73' lang='lat'><em>2</em></span> 
     </span>
    </p>

    <p class='ocr_par' dir='ltr' id='par_1_28' title="bbox 132 3125 1004 3224">
     <span class='ocr_line' id='line_1_32' title="bbox 132 3125 1004 3224; baseline 0.007 -28"><span class='ocrx_word' id='word_1_202' title='bbox 132 3125 1004 3224; x_wconf 79' lang='lat' dir='ltr'>Qudnemoindulfit.Discat,quaeveneritaetas,</span> 
     </span>
    </p>

    <p class='ocr_par' dir='ltr' id='par_1_29' title="bbox 128 3218 1087 3316">
     <span class='ocr_line' id='line_1_33' title="bbox 128 3218 1087 3316; baseline 0.02 -29"><span class='ocrx_word' id='word_1_203' title='bbox 128 3218 214 3290; x_wconf 89' lang='lat' dir='ltr'>Non</span> <span class='ocrx_word' id='word_1_204' title='bbox 224 3220 643 3316; x_wconf 82' lang='lat' dir='ltr'>peteteHispanossrqnid</span> <span class='ocrx_word' id='word_1_205' title='bbox 656 3223 847 3316; x_wconf 86' lang='lat' dir='ltr'>sapientera</span> <span class='ocrx_word' id='word_1_206' title='bbox 872 3225 1087 3306; x_wconf 62' lang='lat' dir='ltr'>endumests</span> 
     </span>
    </p>

    <p class='ocr_par' dir='ltr' id='par_1_30' title="bbox 126 3246 924 3409">
     <span class='ocr_line' id='line_1_34' title="bbox 126 3246 924 3409; baseline 0.01 -27"><span class='ocrx_word' id='word_1_207' title='bbox 126 3309 194 3382; x_wconf 88' lang='lat' dir='ltr'>His</span> <span class='ocrx_word' id='word_1_208' title='bbox 205 3310 354 3389; x_wconf 82' lang='lat' dir='ltr'>consulta</span> <span class='ocrx_word' id='word_1_209' title='bbox 365 3313 597 3409; x_wconf 81' lang='lat' dir='ltr'>petitfaciltrn</span> <span class='ocrx_word' id='word_1_210' title='bbox 608 3314 780 3387; x_wconf 88' lang='lat' dir='ltr'>suadentia</span> <span class='ocrx_word' id='word_1_211' title='bbox 793 3246 924 3390; x_wconf 71' lang='lat' dir='ltr'>curium</span> 
     </span>
    </p>

    <p class='ocr_par' dir='ltr' id='par_1_31' title="bbox 127 3404 1190 3595">
     <span class='ocr_line' id='line_1_35' title="bbox 127 3404 1190 3575; baseline 0.009 -97"><span class='ocrx_word' id='word_1_212' title='bbox 127 3404 892 3575; x_wconf 58' lang='lat' dir='ltr'>NabillsOceanirationutngunderatnecnm</span> <span class='ocrx_word' id='word_1_213' title='bbox 1001 3501 1008 3517; x_wconf 31' lang='grc' dir='ltr'>ι</span> <span class='ocrx_word' id='word_1_214' title='bbox 1187 3496 1190 3501; x_wconf 56' lang='grc'><strong>,</strong></span> 
     </span>
     <span class='ocr_line' id='line_1_36' title="bbox 655 3509 1170 3595; baseline -0.002 -20"><span class='ocrx_word' id='word_1_215' title='bbox 655 3525 669 3591; x_wconf 86' lang='lat'>3</span> <span class='ocrx_word' id='word_1_216' title='bbox 929 3509 1050 3595; x_wconf 76' lang='lat' dir='ltr'>Saeptns</span> <span class='ocrx_word' id='word_1_217' title='bbox 1167 3542 1170 3547; x_wconf 92' lang='lat'>·</span> 
     </span>
    </p>
   </div>
   <div class='ocr_carea' id='block_1_4' title="bbox 0 0 1226 3900">
    <p class='ocr_par' dir='ltr' id='par_1_32' title="bbox 0 0 1226 3900">
     <span class='ocr_line' id='line_1_37' title="bbox 0 0 1226 3900; baseline 0 4"><span class='ocrx_word' id='word_1_218' title='bbox 0 0 1226 3900; x_wconf 95' lang='lat' dir='ltr'> </span> 
     </span>
    </p>
   </div>
  </div>
 </body>
</html>
