2444 3900
271 290 341 361 244
540 257 879 342 LIBERXL

227 411 284 486 Nil
295 413 409 487 videas
420 437 431 495 ;
444 413 502 486 nifi
513 427 611 508 gente
621 410 688 485 loci
699 411 867 504 praedivite
885 407 992 483 soldnr

226 500 935 616 Mereerapinaruprpldsdetestabiliseffer,
972 530 984 562 .·
1149 534 1153 541 ,

225 593 1133 783 anrrrrnrrnnrnnnpern·

224 695 772 880 {qudspedrafet,erat’.Qrpoti{
785 738 1146 856 Aufidevideraeolio

224 879 332 951 Millia
343 879 493 952 velorum
508 898 605 958 ‚curn
616 877 746 949 Graecia
761 876 820 948 vile
833 893 964 968 putarer
1015 906 1017 909 ·
1091 892 1097 905 ‘

167 1050 177 1056 ,,
223 971 380 1064 Europen
390 969 473 1040 Afiae
485 972 592 1061 longo
602 967 809 1042 committere
821 968 928 1048 bello,
1065 1044 1069 1050 ,
1214 970 1216 975 ’

222 1065 389 1153 Spartane
399 1083 461 1154 pro
473 1065 543 1133 luce
553 1084 678 1144 comm
691 1080 743 1134 rot
753 1061 834 1134 stare
846 1063 987 1132 canoas

223 1153 290 1226 Hic
304 1153 397 1227 videt
406 1155 592 1234 accinens,
605 1177 662 1246 per
675 1163 808 1228 &arnna
819 1150 989 1244 reposcere
1004 1159 1141 1248 pactam

220 1246 456 1342 Androphago
468 1248 641 1340 Nupram,
656 1248 829 1340 perituram
837 1245 1014 1319 excindere
1028 1246 1176 1327 erbam,

222 1336 454 1435 Occidensque
464 1339 561 1415 novis
571 1363 712 1436 porgere
722 1339 903 1413 latronibus
917 1360 1026 1413 oras.

220 1434 398 1506 Deledrenr
408 1439 526 1506 oculos
537 1431 612 1506 belli
621 1434 798 1526 preludia:
813 1430 914 1504 raedet

220 1525 354 1597 Differri
365 1526 484 1598 bellurn
495 1525 665 1608 3netaedia
677 1523 815 1619 perferor
829 1525 942 1607 ulad,

221 1618 426 1711 Praecipitare
439 1639 556 1713 parat.
569 1615 766 1692 Circumfert
779 1617 923 1699 lumina,
932 1620 1056 1711 querit

219 1710 333 1782 Natus
343 1709 556 1792 ubirNarurn
565 1708 675 1786 feralis
684 1711 728 1782 ad
739 1710 823 1783 ostia
835 1712 950 1805 templi
1027 1762 1032 1767 -

115 1856 118 1861 .
220 1808 311 1876 Stare
323 1803 435 1883 videt,
450 1803 572 1876 crudos
584 1803 785 1898 gaudentem
796 1799 924 1897 pascere
938 1802 1025 1876 visus

219 1896 311 1967 Tabe
323 1890 601 1986 lociehospiribu's
611 1896 770 1991 fiquidem
779 1898 883 1990 paulo
896 1915 971 1968 anre
985 1895 1123 1977 litatis,

217 1987 620 2071 Tristerubebarhumus,
643 1989 823 2083 votivaque
841 1997 984 2082 corpora
997 1988 1172 2087 postqudm

219 2082 258 2148 In
276 2096 403 2150 ventres
415 2078 520 2152 ierant
538 2079 648 2174 (proh
661 2103 732 2174 quer
744 2082 939 2172 praepostera
953 2082 1067 2174 gentis

217 2169 650 2263 Relligior-nornamenmm
663 2173 743 2245 aedis
754 2176 906 2266 praesrgne
920 2175 1113 2266 putabant,

217 2264 548 2340 Semicruentasaeris
562 2263 714 2359 suffigere
725 2264 879 2361 postibus
894 2262 987 2339 offa.
1104 2283 1107 2287 ·

261 2357 329 2430 Hic
341 2358 399 2431 ubi
412 2360 586 2432 mirantem
598 2357 760 2457 Juvenem
775 2357 864 2431 videt
873 2358 1013 2433 horrida
1025 2365 1158 2443 Meter,

216 2450 327 2524 Caedis
336 2453 518 2548 relnquias,
532 2452 825 2544 indignantemque
838 2452 932 2544 quod
945 2455 1032 2525 enfis

215 2541 467 2619 Interfedorum
482 2542 655 2621 fraudatus
667 2546 794 2618 honore
806 2563 931 2614 careret
945 2569 958 2625 ς

213 2637 341 2730 Ditigir
351 2639 498 2732 alipedes
511 2638 608 2720 illuc,
626 2638 745 2732 vixque
757 2635 870 2728 attigit
880 2634 1015 2722 aedem,

212 2732 328 2802 Exiliit
339 2753 481 2825 preceps
493 2749 648 2817 temone,
662 2732 809 2821 datoque
823 2750 952 2819 repente

115 2863 118 2872 ·
173 2856 177 2865 ·
212 2828 252 2895 In
263 2843 383 2898 terram
397 2822 500 2902 saltu,
513 2824 677 2917 procurrit
689 2821 734 2896 ad
748 2817 1081 2911 oscularrnonstrum

211 2921 277 2990 Par
289 2916 324 2989 in
337 2936 478 3012 utroque
488 2913 551 2990 fuit
565 2916 685 2997 ,teneri
698 2914 791 3009 quod
806 2913 1067 3006 pignusarnoris

211 3010 403 3103 Expreffum
418 3009 517 3084 labris
531 3010 624 3081 daret
635 3010 702 3079 haec
713 3014 764 3088 ,δι
774 3003 912 3079 sumeret
926 3007 1003 3080 ille.

211 3105 303 3193 Ergo
315 3103 373 3174 ubi
383 3156 395 3187 ,
405 3127 475 3200 quo
489 3103 599 3195 potuit
609 3144 621 3176 ‚
633 3099 781 3197 blandita
794 3097 840 3171 est
853 3121 967 3180 more,
983 3101 1179 3200 modoque:

212 3199 247 3266 0
264 3217 340 3266 rnen
377 3197 528 3289 rogenies
541 3196 644 3287 longe
656 3191 737 3265 mihi
746 3190 894 3273 charior,
911 3193 1051 3288 inquit,

210 3289 326 3383 Qdm
351 3310 391 3360 ua
401 3293 440 3361 fit
450 3291 569 3365 Veneri
584 3340 594 3370 ,
614 3308 717 3383 neque
730 3284 819 3358 enirn
831 3304 890 3357 tua
902 3283 1032 3394 spicula
1045 3308 1179 3386 turpes,

210 3386 333 3460 Lentus
342 3399 379 3456 ut
389 3382 443 3459 isse
452 3405 533 3480 puer
545 3380 645 3461 turbd
658 3403 736 3460 curn
749 3377 877 3464 defide,
891 3398 1002 3469 nans,
1044 3440 1061 3448 ..
1082 3477 1141 3551 Ad

1208 3616 1216 3724 d
