2444 3900
434 300 655 372 LIBER
685 292 795 371 -·x·1'1;
980 301 1042 386 175

135 443 353 536 Beliandique
368 439 454 514 fitim
470 441 563 512 fimul
576 443 829 521 acadverrerat,
842 462 899 513 ore

136 538 255 612 Versus
268 542 312 608 ad
323 536 522 626 Aruiragurn
533 583 547 612 2.
557 535 601 605 fic
614 536 723 607 multu
735 533 916 606 animosior
931 531 1028 605 infit:

133 634 280 723 Tempus
292 629 384 701 adest
396 627 510 706 foelix,
533 649 591 697 tua
604 651 694 722 quo,
719 626 1067 717 οἱειτίίῐιιηνεΙίεξζυιη,Δ

135 729 252 807 Nata,
268 720 457 793 Am'ericani
469 722 626 797 diadema
638 724 813 792 merebitur
828 718 954 791 Orbis.

135 821 231 889 Neve
243 811 429 910 putescasu
438 810 563 885 facium
575 860 586 892 ,
596 832 761 884 certarnen
773 834 810 885 ut
824 831 901 884 ante

134 912 203 982 Ista
216 905 398 981 laborantis
415 906 531 977 Phoebi
540 904 727 998 praecesserit
742 906 884 985 umbras

134 999 816 1080 nuumconfiliocredas,utcertioreues
919 1016 928 1033 ·

135 1101 253 1190 Qum
265 1093 371 1164 vistor
381 1094 422 1162 de
436 1093 546 1164 Nucie
556 1088 622 1162 fuit
634 1097 686 1163 Sol
695 1097 830 1165 aemulus
843 1142 853 1173 ‚
867 1099 976 1164 &nos

134 1192 221 1259 Tam
232 1183 301 1258 fore
315 1186 456 1255 vistorcs
467 1184 603 1255 domitur
613 1183 656 1255 de
670 1187 793 1257 Noricis
805 1185 966 1258 alumnis.

131 1283 216 1351 Non
230 1277 290 1351 ribi
303 1274 354 1348 fas
367 1278 481 1350 animo
494 1278 687 1368 compleni,
701 1280 846 1349 maxime
870 1280 1022 1369 Regum,

133 1371 321 1468 Qodbelli
334 1369 477 1462 pretium
493 1369 677 1441 discrimine
689 1369 922 1461 pendeatisto:
1032 1395 1034 1399 ’
1091 1374 1096 1417 ’-

132 1473 198 1537 Par
213 1463 330 1536 habuit
344 1467 471 1536 nullum
482 1463 525 1535 de
536 1486 606 1556 quo
619 1463 824 1538 contenderit
836 1482 921 1537 aetas.
1036 1461 1039 1471 '

132 1558 272 1630 Pristina
285 1560 452 1642 Majorum
464 1605 477 1636 ,
487 1579 548 1627 nec
559 1562 648 1628 Mars
664 1572 819 1628 venturus
830 1553 986 1628 habebit.

134 1652 262 1730 Ortus,
280 1656 313 1719 &
324 1647 471 1722 Occasus
483 1649 600 1725 cercesi
615 1647 766 1721 conscius
776 1649 853 1720 effer

132 1743 272 1814 Eximiae
285 1739 375 1821 litis,
390 1742 580 1836 commilito
589 1746 684 1815 vellet
693 1763 830 1837 uterque

132 1835 202 1906 Effe
216 1856 311 1906 tuus:
326 1853 453 1908 turmas
465 1837 547 1908 Afiae
562 1885 572 1916 ,
587 1836 764 1932 Lybiaeque
779 1835 905 1909 videres

133 1935 223 2001 Stare
238 1928 293 2000 sub
307 1927 360 1998 his
371 1928 491 2020 (ignis.
507 1934 645 2023 Europa
655 1928 801 2022 contigit
815 1930 871 1999 uui
885 1978 895 2011 ,

131 2027 195 2092 Per
209 2026 343 2094 nosrale
356 2040 419 2093 ruae
432 2025 588 2118 Regnum
599 2021 789 2096 submittere
801 2023 909 2114 proli,

134 2114 364 2212 Qalevidere
377 2121 544 2207 queatsol
556 2117 690 2188 cardine
702 2115 1011 2207 semperabomni.¹

132 2208 213 2277 Non
224 2210 346 2280 erimus
362 2208 462 2296 Matri
477 2209 667 2280 indecores:
682 2210 739 2302 qui
755 2211 871 2287 fimus,
887 2212 1021 2304 agendo
1092 2258 1095 2263 -

131 2308 245 2390 Qarn
259 2297 405 2391 primum
418 2296 552 2370 nosceS.
568 2305 698 2371 Paucos
709 2322 772 2370 neu
785 2298 932 2393 despice,
947 2299 1019 2373 sese

129 2391 284 2462 AEstimat
297 2383 480 2478 Hispanus,
495 2413 562 2462 uon
574 2390 885 2483 computatribitin
901 2394 1008 2467 hostes

131 2484 293 2576 Corporis
303 2481 506 2554 immodicos
519 2509 529 2563 3
543 2482 665 2575 poffinr
679 2485 810 2557 castella
826 2485 949 2566 videri,
1078 2487 1081 2495 “

131 2576 544 2656 Carneadummoddsmt,
557 2599 625 2649 non
638 2575 711 2649 suut
722 2577 882 2669 impervia
892 2577 997 2660 ferr03
1091 2606 1094 2619 ·

130 2664 474 2751 Saxeafinr‚ferimus
486 2690 653 2744 tormenta
664 2669 841 2746 domantia
854 2668 952 2745 saxa.
1027 2744 1032 2757 ,
1084 2672 1101 2731 -'

130 2764 275 2837 Numine
286 2766 341 2847 sed
351 2764 484 2844 nostro,
500 2768 571 2857 pius
580 2765 683 2860 quam
695 2764 892 2839 mortalibus
906 2765 1007 2840 armis
1019 2818 1029 2852 ,

129 2857 311 2948 Erigimur.
323 2867 416 2934 Deus
427 2855 497 2936 iste,
512 2861 603 2930 Deus
616 2910 626 2940 ,
639 2857 749 2952 gravis
761 2861 848 2929 ultor
857 2859 996 2934 honoris
1100 2892 1106 2907 ·

129 2951 894 3046 Naturaehumanae,quamvessiir,eruetistos
978 3008 981 3015 .
1076 2960 1080 2967 '

128 3044 297 3116 Humanis
307 3042 426 3121 solitos
434 3044 644 3139 pinguescere
654 3044 808 3120 carnibus
820 3066 830 3122 ς
845 3049 932 3120 uude

128 3136 209 3208 Nou
222 3140 327 3214 modo
340 3140 482 3216 viciores
494 3192 504 3221 ,
518 3140 671 3212 homines
680 3165 741 3213 vos
750 3136 808 3208 eisc
818 3136 948 3216 licebit.

174 3230 239 3302 Vix
252 3256 391 3316 caenon
400 3233 602 3326 aliterpubes
616 3237 757 3307 Cubrna
769 3235 938 3326 loquentis

127 3323 290 3416 Excepere
300 3325 419 3405 sonos,
432 3329 537 3420 quarn
546 3326 719 3402 divinante
730 3321 881 3422 profatus

125 3414 159 3487 si
172 3416 663 3498 decortiusebelumreciuinet
675 3428 856 3522 Apollo.·.
1065 3408 1112 3483 e}

198 3554 200 3559 ·
409 3561 412 3569 -
584 3521 648 3586 Sa
936 3524 1041 3599 Arma
