2444 3900
424 212 795 290 rrsrrr‘vrr.
986 233 1049 304 157

127 370 178 444 Te
187 363 254 437 fine
268 357 347 437 ferre
359 359 432 434 dies
447 409 457 440 ‚
470 356 540 455 qud
554 357 761 450 viviRegna
773 353 951 463 placebant

127 463 207 534 Sola
218 454 304 530 mihi
315 505 326 537 ,
338 453 408 551 qui
419 450 566 532 sublata,
582 474 640 523 nec
654 452 724 524 vita
738 450 903 557 placebit.

128 551 284 626 Excubet
295 568 373 621 anre
386 568 463 619 tuos
478 543 534 619 sed
547 546 625 618 crim
636 542 840 616 Constantia
850 547 985 628 vuitus,

130 642 369 752 oppositoque
382 639 530 712 umbone
541 637 662 731 rigoris
671 654 847 801 protegat,
869 634 949 709 illuc

131 739 258 811 Oscula
266 752 305 808 ut
318 731 389 831 ipsa
400 731 503 805 etiam
516 749 669 803 metuant
682 749 759 801 acce
785 752 838 803 ere
850 731 981 809 Patris,

130 828 336 911 Fortisero,
351 821 525 990 similiskquc
538 822 620 895 tibi.
640 821 894 925 Qodcumque
905 823 1030 918 petitor

130 920 273 1016 Exigit,
289 919 441 992 adturdm
470 914 572 990 amuli
584 917 734 1012 praestate
747 945 757 987 a
770 914 885 989 vocari

131 1020 218 1088 Vult
226 1034 352 1110 procus
364 1011 444 1094 iste,
458 1006 530 1082 ferat
540 1032 616 1081 cum
631 1004 782 1105 preferat
795 1031 856 1083 ora
865 1034 878 1091 3
888 1032 1048 1087 vocetur.
1086 1075 1090 1082 .

130 1111 217 1182 Vult
228 1104 298 1179 dici
311 1123 472 1196 nuptam,
484 1100 665 1195 perituram
678 1102 769 1194 rupis
777 1101 823 1175 ad
835 1125 928 1177 aram
942 1130 955 1189 3

130 1199 270 1273 Dicitee
284 1219 346 1272 nec
357 1195 428 1270 dici
440 1193 579 1269 monstri
590 1199 688 1266 socer
699 1193 763 1288 ipse
776 1194 910 1269 recuso.

129 1292 250 1388 Usque
264 1289 352 1365 aded
365 1287 473 1363 miseri
511 1285 648 1360 uoniam
661 1284 791 1366 sumus,
806 1306 844 1360 ut
854 1291 922 1364 leve
935 1290 1016 1366 fiat'

130 1384 292 1469 Mentiri,
306 1385 472 1478 quoniam
485 1311 576 1455 dre&
590 1378 760 1455 contraria
771 1380 873 1453 Cubae

130 1484 220 1551 Fata
229 1475 347 1565 jubent
360 1525 369 1556 ,
382 1475 490 1549 oculis
501 1471 570 1547 falli
584 1472 754 1566 patiamur
766 1475 906 1569 apertis.

133 1571 231 1644 Festa
246 1568 395 1642 coronali
409 1566 598 1662 praecingite
610 1584 765 1658 tempora
775 1572 892 1650 lauro,

130 1670 173 1735 In
194 1660 349 1735 manibus
363 1663 466 1736 radas
479 1659 671 1755 praetendite
684 1707 694 1738 ,
707 1660 911 1770 letitidquc,

132 1754 345 1853 indectn
363 1762 396 1826 δι
408 1753 545 1850 parest,
559 1752 702 1827 venienti
715 1775 879 1830 occurrite
892 1752 1039 1848 Sponso.
1079 1812 1084 1826 ,

184 1848 348 1927 Dixerat:
364 1842 521 1920 assensurn
536 1849 656 1923 credas
668 1845 851 1942 Regisque,
865 1848 1035 1937 Patrisque

131 1940 325 2035 Expediaiie
336 1938 456 2015 fretum
469 1990 479 2022 ,
494 1941 644 2016 tumidas
657 1959 694 2013 ut
708 1961 846 2035 poneret
857 1943 924 2016 iras
937 1969 948 2027 3

131 2035 266 2107 Scilicet
283 2035 402 2106 auritis
416 2058 475 2108 ceu
487 2034 644 2108 flustibus
657 2033 726 2108 uda
735 2055 906 2129 receptum

131 2127 282 2200 Buecina
291 2127 444 2200 Tritonis
458 2125 621 2202 ceciniss‘et
634 2179 644 2209 ,
658 2129 810 2221 aquatile
821 2130 913 2204 retrd
1051 2185 1054 2189 -

130 2216 711 2314 Agmenagitfurias,obseffam&
725 2222 840 2295 deserit
855 2225 1008 2298 Urbeme
1064 2285 1067 2293 .

130 2314 287 2409 Miraque
300 2331 352 2386 res
369 2315 478 2397 certe,
492 2314 588 2408 quod
599 2313 731 2388 fervida
743 2313 895 2389 Doridos
906 2319 977 2398 ira,

130 2408 252 2502 Qdm
265 2409 360 2479 vtiox
373 2407 410 2480 in
423 2407 567 2504 pernicie
582 2405 646 2479 fuit
659 2427 736 2479 ante
750 2403 911 2481 ferendi»

127 2503 217 2571 Tam
231 2496 303 2571 citd
314 2503 486 2594 paruerit,
502 2498 651 2573 desistere
662 2498 743 2588 jussa
754 2521 872 2574 nocere
888 2550 897 2571 .

129 2590 283 2666 Crescere
294 2591 470 2667 confestim
484 2597 578 2672 loca,
592 2590 855 2673 decrescentibus
866 2592 989 2681 undis,

128 2681 232 2767 viia,
244 2682 349 2758 redire
363 2685 423 2759 viae
438 2738 448 2767 ‚
461 2683 629 2780 teduique
644 2683 803 2776 affurgere
815 2705 957 2780 portus,

128 2777 349 2872 Equedonro
362 2781 481 2874 pavidi
492 2779 593 2851 Cives
604 2778 742 2850 educere
753 2782 886 2870 plantas
901 2831 911 2851 .

131 2869 256 2970 Qaiis
271 2871 330 2953 ubi
344 2872 443 2944 verna
457 2871 531 2946 nive
544 2871 698 2966 turgidus
712 2875 815 2964 ‚Alpe
827 2870 958 2956 relidi,

128 2967 240 3037 Plana
251 2987 306 3058 per
320 2965 474 3038 Insubriae
485 2960 656 3037 descendit
672 3016 683 3046 ‚
698 2965 842 3039 inundat
853 2973 885 3038 δι
900 2980 1000 3061 agros

128 3056 318 3139 Eridanus,
333 3081 402 3131 non
415 3051 575 3131 indocilis
589 3059 667 3153 post.
673 3058 803 3150 gaudia
816 3058 948 3154 pridem

128 3153 282 3243 Expertae
294 3151 460 3225 libertatis
470 3149 601 3224 fluitare
617 3152 794 3233 modeste,

131 3243 229 3323 Intra
238 3241 432 3335 praescripta
443 3244 506 3321 reci
511 3240 605 3335 pinse
618 3244 782 3339 marginis
791 3267 885 3322 oram
899 3272 911 3331 3

129 3340 229 3409 Tunc
243 3358 347 3430 prope
361 3360 433 3430 qua
449 3337 574 3430 positas
586 3359 723 3413 tremere
743 3342 812 3416 alta
823 3338 983 3440 repagula
997 3341 1107 3433 ripas,

940 3437 1063 3509 Amnis
