2444 3900
256 261 303 347 84
514 252 859 327 murum.

209 401 578 493 Doreorumquerogas
590 407 646 471 2&
657 397 758 494 paiiia
771 395 1049 481 caufidicorum,

208 489 413 586 Hac-super,
426 502 460 565 nr
473 498 599 564 Vatum
611 497 746 574 lauros,
763 501 796 563 &
809 490 970 583 naufraga
982 495 1132 584 prestre,

209 584 402 680 Scriptaque
411 584 586 680 praesertim
603 588 774 659 Dominus
787 586 959 678 palpantia
970 586 1060 658 dites
1078 628 1086 641 ,

208 678 380 752 Laudibus
391 679 518 773 argutis
530 731 541 763 ‚
552 680 785 776 rosr'sapieutia
800 677 948 750 morsum

208 772 345 866 Unguis
358 823 369 854 ‚
382 781 416 846 nr
426 772 472 847 ad
483 770 612 845 fumum
623 771 737 846 sterilis
753 770 887 863 vigilata
899 775 1036 843 lucerna
1051 823 1062 846 .

209 867 264 937 De
275 884 393 958 genere
414 867 535 940 horum
560 866 749 940 Hominum
770 885 931 957 magnam
952 862 1020 936 sors
1043 864 1172 960 perfida

325 980 431 1034 artem

211 982 359 1133 Obrsim
379 1059 429 1127 At
440 1052 563 1147 quibus
571 1049 731 1149 ignovit,
746 1051 868 1146 quibus
881 1050 1019 1123 &dedit
1031 1052 1105 1126 imo

209 1151 347 1238 Surgere
358 1147 400 1218 de
411 1144 538 1228 fundo,
552 1144 743 1242 superasque
760 1166 922 1236 emergere
933 1145 967 1214 in
978 1167 1101 1228 auras,

209 1238 258 1309 Hi
275 1239 332 1310 sua
345 1240 392 1311 ad
404 1242 574 1332 ingratum
591 1243 742 1312 tollentes
757 1236 1061 1329 brachia‘Coeium,

209 1327 380 1404 Accusare
393 1341 555 1425 Superos,
567 1341 601 1406 δι
613 1334 655 1404 de
669 1333 790 1404 virtute
804 1348 1010 1426 queruntur.

210 1425 470 1516 Magnanimum
482 1430 631 1497 Heroem
646 1421 842 1497 miserescere
851 1423 985 1518 publica
998 1418 1070 1497 fata

211 1514 352 1591 Viderat
362 1517 575 1613 Euphrosyne
583 1517 637 1590 cui
648 1519 691 1588 fic
702 1514 857 1589 conversa
866 1510 1038 1611 profatur.

257 1614 298 1681 In
307 1611 438 1691 brevia,
451 1621 484 1683 δι
497 1617 600 1706 syrtes
614 1661 625 1691 ,
638 1619 670 1683 dr
683 1607 760 1682 saxa
772 1611 930 1690 latentia,
942 1607 1037 1680 visds

212 1702 338 1775 Privati
348 1703 542 1799 plerumque
554 1700 660 1776 solent
675 1703 841 1774 offendere
852 1703 991 1774 lintres.
1137 1748 1140 1753 -

212 1792 358 1867 Noseere
368 1794 420 1868 vis
428 1796 599 1890 scopulum
610 1846 620 1876 ,
633 1818 704 1890 quo
716 1795 860 1887 grandia
869 1791 1003 1869 carbasa
1017 1796 1151 1889 Regum
1165 1846 1173 1875 ,

211 1888 390 1961 §omisere
402 1893 507 1984 longo
515 1894 585 1978 jam
596 1885 746 1960 fastidita
757 1887 872 1960 favore
1080 1900 1086 1909 '

213 1981 386 2061 Allidunt‚
399 1983 465 2054 huc
477 1979 688 2053 fleueacies:
704 1987 737 2050 &
747 1981 828 2053 talia
842 1976 933 2063 sata,
1058 2014 1077 2028 ·⁴

214 2073 332 2145 Ardua
345 2071 531 2166 surgentem
544 2070 1028 2170 superAcroceraunia,supra

213 2169 423 2239 latratorem
435 2184 566 2239 uterum
579 2169 712 2257 Scylla,
729 2168 925 2264 aeriumque
939 2167 1154 2258 Caphereum

215 2257 372 2330 Ostendit
383 2258 573 2354 scopulum
588 2278 668 2331 tunc
681 2260 732 2330 his
745 2259 887 2334 resecuta
901 2260 1072 2334 videntem
1088 2263 1136 2332 est
1151 2287 1159 2329 ε

216 2352 358 2424 Cernis?
380 2359 419 2424 In
429 2352 512 2425 banc
522 2375 641 2445 rupem
651 2351 764 2446 gauii,
781 2352 965 2449 validaque
980 2353 1159 2434 triremes.

215 2445 437 2538 Impingenda
446 2443 554 2519 ferunt
570 2449 657 2517 maie
668 2464 766 2539 parta
779 2448 893 2520 aeraria
907 2451 1062 2538 Regum.

216 2544 268 2612 Ur
282 2541 427 2635 reliquos
440 2539 587 2622 mittam,
601 2537 719 2612 Croeso
729 2562 808 2612 cum
818 2539 936 2611 divite,
948 2540 1086 2623 Xerses,

217 2629 343 2712 Caesar,
360 2633 546 2706 Alexander
559 2683 571 2715 ,
584 2634 727 2714 Marius,
749 2636 946 2723 Pompeius,
960 2631 1101 2707 Atrides

216 2720 418 2817 His-fregere
430 2727 531 2822 petris
543 2725 736 2800 diademata
749 2722 915 2818 :quasque
926 2727 1091 2817 regendas

218 2826 296 2891 Sors
308 2819 466 2899 dederat,
478 2819 616 2911 rapuir,
628 2815 802 2913 raptasque
816 2817 977 2890 resorbuit
987 2821 1125 2893 Urbes.

218 2919 327 2984 Poena
338 2909 401 2983 suit
414 2908 549 2983 fortuna
563 2911 673 3004 prior:
695 2932 753 2980 nec
767 2912 918 2984 atrocior
930 2915 1022 2990 ulia,
1039 2985 1042 2991 ,

218 3007 335 3101 Qim
348 3004 488 3092 memori
502 3005 618 3096 vigilat
629 3027 701 3097 quae
716 3022 826 3076 mente
838 3058 848 3089 ,
861 3001 953 3076 fuisse
965 3003 1105 3078 beatum
1119 3057 1129 3077 .

219 3100 268 3168 ·Te
281 3119 432 3205 quoque,
445 3095 568 3168 soeiices
580 3098 664 3168 iuter
677 3100 880 3171 numerande
894 3097 1067 3180 virorum,

219 3194 303 3261 Antr
353 3193 414 3261 das
425 3189 500 3280 post
513 3188 649 3261 assertos
662 3243 671 3273 ,
688 3206 788 3282 atque
801 3190 919 3263 Indica
931 3212 1058 3285 regna,

86 3360 89 3365 ,
221 3288 286 3351 Par
314 3279 638 3374 atum‚graviusque
650 3281 753 3355 ctiam
765 3278 901 3356 fortasse
912 3304 1086 3371 maneret,

68 3556 146 3670 ἱ

222 3376 270 3449 Ni
283 3377 393 3469 superi
407 3376 610 3461 abnuerent.
634 3380 723 3451 Cum
737 3373 887 3462 diceret,
908 3398 984 3454 ecce
995 3379 1186 3549 ›Cssiusmbus

378 3508 384 3517 '
1058 3494 1076 3548 e
1091 3498 1145 3549 <10
