2422 3892
364 265 679 337 LIBERV·
890 286 952 356 113

41 415 228 490 Rtreiantes
240 410 352 504 epulas
366 457 377 489 ,
390 406 657 517 indigestumque
668 426 840 479 cruorem.

40 509 170 581 Nostra
182 521 288 575 ratem
299 498 397 595 supra
409 501 531 572 cecrdir
544 501 600 574 vix
612 499 728 571 umbra
739 496 906 593 Lybisiam
921 527 933 585 3

42 599 153 674 Mauri
166 601 286 669 oculos
295 593 412 685 pavidi
425 597 548 675 tollunt
560 645 571 677 ,
583 611 668 686 quot
678 591 714 661 in
726 591 801 664 abre
812 589 958 686 sperant

44 701 219 786 Pugnaces
232 687 506 781 equitarevitos,
527 703 583 759 tot
594 686 637 759 ab
650 681 766 756 aethere
779 683 913 778 lapsos,

44 783 206 858 Vultibus
220 781 375 853 humanis
389 781 528 854 credunt
539 777 731 854 descendere
746 778 879 851 Divos.

46 880 131 952 Non
142 875 230 948 aded
243 893 355 947 tamen
367 871 602 947 horrescuntut
615 871 747 945 mittere
757 872 876 946 contri

46 970 171 1051 A'e'rios
183 965 309 1059 equites
321 967 475 1040 desistant
487 965 608 1061 spicula
620 1015 631 1049 ,
644 963 743 1039 nobis

49 1070 174 1135 Parma
186 1057 298 1140 favet,
315 1054 485 1155 visumque
498 1061 647 1133 animam
657 1058 736 1132 satis
747 1058 807 1134 eise
819 1060 926 1135 tueri.

49 1161 210 1248 Dumque
223 1152 270 1224 ita
279 1153 514 1246 provehimur,
528 1175 591 1225 nos
600 1175 675 1224 ecce
688 1170 831 1226 antenna
842 1153 966 1227 curulis

50 1245 238 1341 Deptimit,
247 1242 485 1338 unanimesque
494 1244 666 1316 inImicam
677 1241 817 1316 effundit
827 1246 861 1316 iu
874 1253 988 1319 alnum
1002 1292 1013 1313 .

53 1347 239 1432 Pergameo
251 1339 400 1432 prodivit
412 1358 501 1428 equo
515 1357 584 1408 non
596 1335 719 1428 impete
733 1354 851 1416 tanto,

53 1437 148 1505 Bello
162 1428 398 1523 Graiugentim
408 1431 511 1502 virtus
521 1429 608 1501 irata
621 1428 777 1507 decenni,

58 1534 204 1618 Qanto
216 1542 280 1593 nos
291 1523 443 1614 agimur:
461 1522 558 1612 pauci
570 1520 667 1603 lice‘t,
682 1521 828 1612 agminis
838 1520 938 1595 instat

55 1615 174 1692 Praelia
189 1610 409 1696 conserimus,
421 1613 505 1687 savir
519 1618 681 1693 Fortuna,
694 1611 789 1707 qudd
802 1615 860 1686 iilo

55 1716 222 1799 Tempore
235 1704 392 1779 consertis
402 1708 528 1801 clypeis
537 1707 751 1779 imitantibus
760 1726 859 1801 aptas

56 1799 250 1891 Parjetibus
259 1794 376 1880 scasas,
387 1805 457 1889 jam
469 1799 711 1874 conscendebat
720 1801 853 1885 Iberus,

61 1891 273 1984 precipiente
285 1893 385 1975 tuba,
404 1894 536 1988 Lybicae
549 1898 649 1966 latera
659 1895 766 1969 ardua
774 1894 922 1989 puppis.

57 1987 234 2080 AEthiopes
249 1986 399 2081 trepidos
413 1989 508 2059 smel
517 1985 673 2061 interiore
685 2037 696 2068 ,
709 1987 867 2084 fimulque

59 2078 230 2153 Exteriore
241 2085 333 2152 malo
341 2079 569 2173 aggredimur:
592 2081 880 2177 manusistaquot
896 2085 993 2159 Orco

61 2167 363 2265 Miseritextemplo
379 2223 389 2252 ,
405 2174 632 2270 Lybicamque
645 2175 795 2268 coegerit
808 2173 909 2250 Afros

58 2270 150 2336 Cum
162 2263 285 2357 Stygii
295 2284 423 2337 mutate
437 2271 677 2360 ratem,quam
689 2268 795 2339 dicere
808 2270 928 2349 nobis,
1017 2330 1024 2339 .

58 2363 147 2431 Tam
161 2357 259 2428 vobis
272 2357 387 2428 audire
397 2355 493 2426 labor
512 2363 596 2429 .Sed
606 2359 709 2450 digne
722 2364 831 2430 relatu

59 2456 130 2525 Res
143 2443 227 2527 suit,
241 2447 346 2518 atroci
360 2447 434 2540 post
448 2464 502 2517 tot
511 2450 594 2521 data
604 2473 746 2543 corpora
755 2452 864 2534 letho,

59 2539 232 2615 Exhausto
241 2539 335 2613 lateri
352 2537 438 2611 vires
451 2536 600 2624 crevisse,
616 2566 792 2634 meamque

61 2633 210 2710 Mirabar
220 2637 295 2727 pius
308 2629 397 2726 posse
413 2634 552 2704 m'annm
566 2659 574 2702 :
587 2632 786 2726 patefecerat
799 2639 882 2709 enfis

62 2727 142 2825 Iam
151 2725 232 2800 mihi
245 2721 335 2797 fidus
346 2724 410 2798 iter
422 2747 482 2819 per
497 2726 600 2798 strata
610 2727 795 2810 cadavera,
812 2751 850 2802 ut
862 2731 939 2807 iiiuc

72 2818 204 2892 Possem
215 2816 294 2892 serre
307 2816 474 2912 gradum,
489 2820 562 2915 qud
572 2817 602 2892 se
617 2817 645 2890 se
657 2820 691 2891 in
703 2817 804 2913 pinea
814 2822 948 2903 dudum

70 2913 230 2994 Transtta
244 2910 419 2987 laborabat
431 2909 513 2984 saltu
527 2911 746 2987 transmittere
758 2915 874 2989 miles.

67 3011 168 3078 Dum
181 3026 326 3097 propero
337 3011 464 3078 laturus
474 3028 592 3099 opem,
605 3007 667 3080 fibi
679 3012 798 3081 cunda
806 3009 912 3104 petire

68 3103 114 3170 Et
128 3096 224 3170 videt
234 3102 391 3182 Antaeus,
406 3095 513 3193 presio
526 3096 585 3172 sub
596 3101 699 3174 corde
710 3099 840 3183 furore,

70 3190 171 3264 Fixus
181 3188 336 3276 atulciici
344 3191 461 3273 ,vafro
471 3215 524 3263 me
534 3192 677 3266 callidus
687 3193 759 3267 astu

75 3283 841 3380 Decipit,e⁸vultrifasinmdeponit,&instat
881 3314 883 3319 ·

74 3374 261 3472 Supplicita
273 3372 369 3455 urici
378 3379 510 3467 uitetitis
520 3381 594 3542 jair}
605 3379 715 3456 define
726 3382 864 3469 Vidors

871 3477 971 3548 Dixit
984 3528 993 3555 ‚
