2444 3900
466 233 693 306 LIBER
741 239 784 306 V.
993 246 1058 324 10)

132 386 177 455 0‘
189 378 315 477 quibus
327 395 452 455 aettrnae
463 380 506 452 de
521 377 612 452 furto
622 372 788 468 lampadis
799 374 882 448 olim
909 399 913 410 ’

129 487 198 550 hur
227 475 291 546 lior
303 472 338 544 in
348 495 450 548 venas
463 472 561 545 fluxit
572 474 664 542 calor
677 520 687 549 ‚
700 469 745 537 ite
761 467 951 542 Promethei

131 501 280 642 Mrbula
294 568 488 659 progenies,
500 564 662 638 ostendite
674 559 819 634 fortibus
831 563 918 636 aulis

129 661 288 735 AEtherto
302 682 362 731 vos
374 661 452 755 igne
465 657 569 733 satos:
584 663 671 736 velue
684 656 801 728 omnia
811 655 915 729 vincit

128 753 245 849 Ignis,
260 761 293 824 &
303 753 347 824 ad
357 755 503 826 cinerem
515 753 586 824 cito
596 769 809 830 concremat,
824 752 946 845 impete
958 748 1078 826 eodern
1101 816 1105 824 .

130 845 301 937 corripite
311 845 453 919 arcellus
466 845 697 940 prohibentem
711 843 818 914 litoris
830 842 979 915 hostem.

131 943 191 1014 Itis
203 941 237 1011 in
251 937 413 1034 antiquos
422 937 589 1018 famulos,
609 943 668 1034 qui
683 935 816 1013 subdita
827 938 983 1032 quamvis

130 1037 230 1104 Colla
242 1036 325 1123 jugo
336 1033 535 1111 extulerint,
549 1030 676 1107 servilia
688 1034 844 1122 stigmata
860 1052 1033 1126 nunquam

130 1124 743 1221 Deformesquecicatricesicorpore
756 1143 902 1214 tergent:

129 1227 168 1290 In
211 1240 273 1289 uos
284 1241 353 1289 non
365 1216 605 1298 armis‚veluti
618 1217 798 1290 lexbelliea
809 1218 938 1295 dietat,

130 1243 288 1385 labibus
300 1311 463 1383 utendum
478 1311 688 1383 :dominosi
702 1309 824 1382 caliide
835 1313 946 1379 vultus

127 1405 285 1477 Promite
300 1404 501 1497 Mancipiis,
516 1425 651 1497 peraget
660 1400 958 1500 presentiabellurn
974 1449 985 1469 .

177 1496 277 1567 Talia
287 1500 425 1582 latranti
440 1547 451 1579 ,
464 1501 477 1585 j
481 1519 536 1569 arn
548 1499 657 1570 noster
665 1501 700 1570 in
712 1496 827 1568 ordine
840 1492 935 1564 miles

130 1594 282 1661 Venerat
295 1586 339 1659 ad
350 1589 402 1661 teli
414 1595 563 1680 jactum:
578 1591 686 1663 tenuit
700 1609 798 1661 mora
811 1589 923 1664 nulla,

128 1685 207 1753 Nec
222 1681 317 1751 licuit
330 1700 462 1756 torvam
476 1683 617 1776 spectare
625 1707 683 1777 per
697 1681 771 1755 otia
784 1700 969 1775 pompant,

130 1775 279 1847 Ptaevius
293 1772 338 1844 ad
351 1794 497 1850 mortem
508 1824 519 1857 ,
531 1774 608 1848 belli
620 1777 690 1870 qui
700 1778 845 1848 counitur
858 1772 998 1846 horror:

129 1875 229 1967 Qus
244 1864 385 1959 crispent
396 1869 513 1942 vexilla
525 1864 608 1944 feras
624 1918 634 1950 ,
648 1870 707 1964 qui
720 1867 830 1960 fulgor
844 1865 990 1937 inarmis
1004 1915 1015 1948 ,

131 1964 270 2050 Quique
282 1960 361 2032 uiris
376 1983 387 2040 3
403 1966 489 2034 velut
502 1963 536 2035 in
549 1979 659 2056 partes
671 1961 748 2034 hinc
760 1963 838 2033 inde
850 1960 962 2033 vocari

129 2051 300 2123 Venill'ent
315 2053 404 2124 venti
414 2107 424 2136 ‚
435 2078 498 2150 pro
510 2056 677 2147 puppibus
688 2055 821 2126 Africus
834 2051 940 2136 Afris,

129 2150 238 2215 Staret
249 2147 293 2217 ab
306 2143 463 2239 Hispanis
479 2148 649 2241 Zephyrus
664 2178 672 2217 ε
686 2144 849 2240 perculsus
860 2147 909 2221 uti
922 2149 978 2220 sol

128 2237 376 2311 reterenidenti
393 2239 537 2314 vibraret
549 2240 584 2312 in
597 2247 676 2312 aera
688 2250 824 2321 lumen,

131 2332 215 2401 lude
228 2331 444 2423 repercullunt
454 2333 577 2422 majori
591 2331 719 2405 foenote
730 2333 814 2406 lucis

127 2427 167 2493 Iu
178 2442 274 2494 mare
284 2424 455 2515 projiceret
469 2451 479 2494 r
495 2423 611 2519 pavidi
625 2427 794 2505 Tritones,
807 2430 841 2496 δι
853 2424 952 2494 Orcae

128 2515 390 2609 Subteraquam
404 2535 582 2591 tremerent
592 2518 764 2590 simulacra
777 2513 1034 2591 natantiaferri.

128 2607 351 2681 Scilicet'hiuc
365 2611 454 2683 illinc
466 2660 476 2691 ,
488 2608 604 2702 magni
620 2634 661 2682 ne
673 2610 780 2702 gloria
790 2607 894 2701 coepti

131 2698 304 2776 rnvldiosa
315 2701 424 2778 foret,
436 2701 533 2776 factis
547 2706 642 2775 fimul
654 2702 800 2795 ignibus,
813 2700 920 2771 ambe

127 2798 310 2868 Intonuere
326 2797 434 2869 acies:
448 2795 477 2869 se
490 2797 646 2891 quelibet
664 2815 741 2866 ante
751 2790 874 2870 dedisse

127 2883 234 2979 signa
244 2907 345 2980 putat
355 2888 452 2970 belli,
466 2889 586 2962 bellurn
599 2891 752 2960 invenere
767 2883 914 2959 secutum
928 2936 940 2960 .

126 2976 251 3051 Fausta
260 2980 358 3075 quod
373 2978 529 3071 Hispanis
539 2980 664 3056 fuerint
678 2978 817 3053 exordia
831 3002 951 3090 pugne

125 3069 324 3159 Debuiutue
335 3073 636 3168 Zephytoecredas
646 3073 813 3168 Aquilone
824 3071 940 3167 petreis

125 3160 733 3262 Exffliliqali82quodlonge¹fortior
744 3165 870 3240 Austro

82 3350 86 3359 Ι
116 3252 612 3357 huihelepcontrapopulos,
627 3261 858 3354 nigrantirque
871 3281 932 3336 ora

124 3348 392 3443 rueme-agens
400 3354 489 3430 tetro
501 3349 987 3451 glomeratavoluminefurni.

109 3478 119 3487 ''
150 3464 316 3553 pha-.'.·
407 3479 410 3486 '
759 3486 771 3507 ¹·
965 3448 1058 3524 Diu·
