2444 3900
221 116 227 133 ,
266 90 279 123 t

192 281 234 346 52
448 252 803 333 LIBERIII.

143 392 310 483 Nullased
320 395 472 499 illustrem
483 394 792 479 Tentrlffen-fabula
802 397 956 493 quamuis

142 487 369 575 Fecerit,·lr2'e'
382 489 611 578 tellusmttnit
625 490 788 575 Vulcania
799 491 884 571 dici,
921 534 927 541 -
951 570 952 574 Ἴ

141 583 276 656 Ferrum
286 581 355 664 ubi,
368 581 609 674 &ignisadelh
620 589 653 653 &
662 582 736 677 agit
750 584 883 655 Natura
899 573 1104 682 Cyclopem.

140 674 219 746 Hoc
230 673 503 760 tande-mamillis
512 673 678 749 sociorum
693 674 835 748 navibus
846 680 960 750 Heros
983 698 986 703 “
1073 691 1074 695 ’

140 768 341 862 Appulltt&
354 766 491 843 morr‘tat
526 767 656 847 uamvis
666 761 845 842 succurrere
853 767 966 843 sraelis
1076 830 1096 853 ⁴.

140 859 253 933 Rebus
265 882 382 942 arnor,
395 791 593 967 medicique
605 865 858 950 manntratlare
869 864 1020 936 carinam
1035 913 1049 948 ,

138 953 299 1024 Attamen
310 972 448 1028 externa
460 954 568 1024 nodus
582 956 735 1032 membr,
751 952 862 1026 horret
872 954 964 1027 adire
978 951 990 1041 ,'

139 1049 224 1137 Qae
240 1045 375 1138 reperire
389 1048 486 1127 timet
500 1045 560 1117 :src
570 1043 696 1139 quilub
711 1043 837 1138 vespere
848 1042 947 1119 solers

138 1136 273 1208 Vinitor
286 1141 320 1208 in
332 1139 425 1210 cultas
435 1154 666 1209 numeraverat
676 1136 793 1210 arbore
802 1160 929 1233 poma,

136 1231 180 1300 Et
192 1252 276 1320 quas
289 1230 425 1303 delicias
438 1226 710 1331 dornirrosqriate
721 1231 876 1313 deceret,

137 1322 293 1418 Qasque
304 1323 363 1394 libi
374 1349 386 1403 ;
397 1324 435 1395 in
446 1326 578 1396 nostem
592 1323 720 1394 tonitru
734 1324 912 1416 fiptrcitus
925 1325 1022 1398 audit

135 1418 240 1490 Testa
251 1413 342 1507 super
355 1415 495 1510 streperas
506 1412 673 1486 salientem
687 1417 848 1508 grandine
859 1418 1013 1506 nimbum
1029 1469 1040 1502 ,
1069 1421 1071 1425 ’

134 1511 235 1581 Mane
249 1509 346 1580 timet
354 1511 487 1602 prodite
496 1508 596 1587 casti,
610 1532 650 1578 ne
665 1507 806 1580 discolor
816 1509 937 1589 hortus

134 1603 270 1674 Terreat
285 1652 294 1681 ,
313 1610 345 1672 &
357 1601 475 1695 plantai
488 1599 543 1672 sua
557 1603 693 1672 vulnera
703 1601 860 1696 cernatjin
872 1601 966 1676 omni
978 1654 992 1675 .,

29 1700 57 1749 ,¹
135 1694 333 1787 Expendill'e
344 1696 484 1790 quidem
494 1693 617 1766 mutilae
632 1691 773 1764 ludibria
783 1696 880 1766 navis
1040 1779 1043 1787 ,
1070 1766 1073 1771 ,

135 1788 219 1858 Dux
233 1788 307 1880 pius
323 1786 515 1866 horrueram
542 1786 645 1858 virtus
657 1785 780 1857 invida
794 1793 977 1878 p'et'o'rnnes
1033 1787 1072 1825 ²⁵
1089 1808 1092 1812 ’

133 1883 186 1951 Ire
196 1880 384 1960 cicatrices,
397 1877 544 1951 fomenta
570 1899 608 1948 ue
621 1878 758 1949 nautica
771 1875 854 1952 ferte

133 1973 216 2044 Non
232 1975 339 2043 modo
350 1970 524 2050 sustinuit,
545 1901 601 2041 sed
615 1967 745 2043 fortiter
756 1970 884 2065 insuper
895 1996 955 2046 ore

133 2063 222 2151 Ausa
235 2061 420 2134 fatiscentes
433 2055 599 2134 sociorum
612 2068 760 2136 attollere
771 2087 896 2137 mentes
911 2116 921 2136 .

179 2157 226 2226 0²
242 2155 323 2226 milti
338 2154 467 2228 servata
478 2178 535 2248 per
548 2153 676 2226 summa
687 2160 833 2248 pericula
848 2181 957 2230 terum

131 2247 502 2341 Relliqniaecomitum,
512 2272 578 2319 non
589 2250 657 2319 haec
669 2251 714 2322 ad
724 2248 794 2321 sata
809 2250 927 2322 venitis

131 2342 392 2425 Tirones3terrtl
403 2343 579 2436 postquam
591 2340 827 2414 dixistisavittl
910 2386 912 2390 .

128 2437 269 2506 Grande
281 2441 626 2514 Sacramentum‚non
635 2455 711 2506 ante
722 2433 855 2507 rev-llere
864 2435 1014 2517 Gades,·

127 2529 244 2599 Vestra
255 2529 580 2621 peregrinumquim
590 2528 766 2621 prenderet
774 2528 921 2600 anchora
935 2553 1076 2622 potrum

128 2621 380 2714 Qtdcumque
391 2621 546 2715 opposuit
558 2619 679 2712 coeptis
693 2618 884 2710 ingentibus
895 2622 1001 2693 hostis

127 2711 301 2808 luppiter,
316 2722 349 2785 dt
362 2717 518 2795 Nereus,
538 2735 622 2787 voto
637 2712 756 2782 vicistis
768 2711 800 2782 in
809 2712 891 2783 illo.

125 2806 295 2889 Durtmus
310 2804 437 2879 :socios
449 2808 584 2880 fortuna
594 2801 721 2878 auferre
736 2801 908 2898 ,ratesque
925 2853 936 2886 ,

124 2899 367 2972 Nonaniinum
377 2902 501 2992 poterit
516 2925 536 2981 3*
546 2890 881 2993 quamvissociosque
895 2947 905 2977 ‚
919 2894 1092 2993 ratesque,

123 2978 255 3074 Fidite,
271 2994 407 3065 Numen
422 2993 512 3064 idem
523 3043 533 3074 ,
544 3014 614 3084 quo
631 2985 947 3082 solvimusanspice,
960 2993 1094 3065 reddet.

124 3085 206 3156 Esto
213 3107 275 3158 nos
288 3085 391 3157 etiam
404 3080 500 3155 sociis
518 3081 708 3175 spoliaverit
721 3104 856 3173 aequor:

123 3177 220 3283 Qid
232 3177 291 3249 nisr
303 3179 426 3273 puppis
438 3195 526 3256 etat,
537 3173 629 3266 supra
639 3197 710 3264 qna
720 3174 870 3246 constitit
878 3178 966 3247 Arca

120 3272 286 3341 Armenia·
300 3273 457 3342 montes?
476 3292 586 3341 tamen
598 3265 694 3339 allere
706 3265 834 3340 clausus
850 3268 884 3338 in
897 3290 968 3340 uno

122 3362 271 3439 Mundus
285 3384 375 3449 erat,
387 3362 553 3457 supraque
561 3357 656 3434 suum
664 3359 795 3436 fluitate
809 3360 995 3526 cadaver.p

534 3482 561 3521 .’·
600 3512 610 3521 .
996 3479 1044 3532 es.
