2444 3900
433 292 663 368 LIBER
708 296 778 364 XI.
979 314 1044 382 249

133 451 248 538 Atque
263 441 379 514 eadem
390 442 531 533 plumis,
543 433 771 534 pofitisqueex
783 434 900 509 ordine
911 435 1056 531 gemmis

134 541 326 613 sternata,
342 538 447 605 venire
459 552 601 606 monent
611 530 767 603 Titanide
781 529 905 601 Cubil.

132 633 215 703 Non
226 650 337 701 tamen
351 628 554 699 Heliodorus
568 644 659 704 erat,
673 624 843 697 srmulacra
856 621 910 695 sed
922 623 1023 713 hujus

132 721 337 813 Sumpserat,
351 719 506 792 armiferae
517 718 633 789 mattis
643 740 709 789 non
719 714 808 807 asper
819 716 928 789 amori

132 818 233 889 Filius
245 867 255 887 .
268 813 388 885 Enetui
400 812 497 884 veluti
509 810 709 903 Lycomedis
718 808 752 881 in
762 809 841 883 auls

131 908 399 1001 Quadrupedem
407 926 638 999 praeceptorem
651 904 816 978 dedoc‘lus
831 903 996 985 Achilles,

130 1001 246 1072 Mollis
257 1002 300 1073 ad
310 997 484 1092 imperium
500 996 652 1071 Thetidis
666 996 874 1093 bombycina
888 997 1023 1091 pallus3

129 1098 249 1187 thue
263 1116 321 1163 nec
330 1092 461 1164 erubuit
471 1092 512 1161 de
526 1111 680 1163 venatore
695 1091 856 1173 ferarum,

128 1191 175 1258 Et
189 1192 281 1258 lauas
298 1190 437 1258 tradate
449 1185 569 1261 rudes,
585 1190 618 1253 &
628 1206 770 1276 pungere
780 1184 888 1257 dosa

129 1288 265 1350 Stameu
275 1302 361 1358 acu,
381 1294 587 1369 ,teretemque
600 1297 702 1347 manu
713 1280 888 1349 deuoluere
899 1274 1006 1349 fusum
1022 1324 1033 1347 .

129 1372 281 1445 Pullulat
292 1371 449 1443 admitti:
468 1369 596 1440 vallum
605 1369 782 1443 deducitur
795 1372 883 1441 intra

129 1464 416 1539 Conciliumehlc
426 1460 556 1557 aliquid
567 1465 661 1557 pejus
673 1462 857 1537 tortoribus
868 1461 954 1536 Orci

127 1556 279 1649 Aspicit,
293 1556 477 1630 horrendos
489 1557 599 1649 capite
612 1564 667 1636 ,δι
676 1558 861 1631 cervicibus
875 1555 955 1629 altis

128 1650 340 1721 Cannibalos
354 1700 364 1733 ‚
378 1649 525 1725 flammis
538 1654 716 1723 oculorum
728 1648 878 1745 corporis
889 1647 953 1721 atri

128 1745 279 1814 Noctem
287 1734 522 1822 incendentes,
537 1743 744 1839 madidoque
754 1744 893 1815 fluentia
906 1757 1024 1813 mento

128 1836 242 1908 Frusta
254 1838 472 1931 regularius,
485 1836 744 1932 insiccatumque
755 1856 928 1909 cruorem.

129 1928 201 2000 Ore
212 1927 264 2001 sed
275 1928 410 2003 informi
423 1935 532 2003 vultus
545 1930 602 2023 qui
616 1931 762 2003 vinceret
774 1930 859 2003 istos

126 2017 199 2117 Ipse
212 2021 323 2107 idem,
335 2022 394 2121 qui
411 2024 527 2118 Legati
539 2046 618 2097 tuuc
631 2048 753 2097 munus
764 2024 905 2107 obibat,

127 2114 177 2186 Ni
187 2114 348 2199 latuisset,
363 2135 434 2188 etat
449 2146 458 2186 ε
474 2119 534 2209 qui
542 2120 722 2212 postquam
736 2119 855 2201 vertice
870 2138 979 2209 prono

128 2207 310 2280 Sublimem
324 2210 408 2282 solio
422 2212 551 2303 Regem
561 2234 734 2283 veneratus
746 2263 756 2293 ,
768 2221 801 2282 ἃ
815 2210 894 2282 iude

127 2300 266 2373 Parcior
276 2298 439 2393 obsequio
450 2302 587 2394 reliquis
598 2305 737 2393 largitus
752 2305 913 2375 honorem
928 2353 938 2383 ,

128 2393 971 2483 Incipit:Aruiragus,cujusTibinominemircot

128 2486 306 2566 Nuntius,
321 2486 471 2559 unanimi
482 2486 607 2557 Tecum
620 2490 727 2560 modo
738 2485 864 2559 foedere
876 2489 1029 2573 juus'cusf

127 2577 399 2653 AtnbibatNatae
414 2578 568 2653 thalamis
580 2602 717 2673 qnoque
728 2576 941 2669 juratorem
955 2600 969 2655 ς

127 2674 209 2745 Hoc
223 2674 326 2747 Cubae
342 2696 478 2754 votum,
487 2689 608 2744 votum
620 2673 684 2746 hoc
695 2697 872 2746 commune
885 2674 1023 2765 puellae,

129 2764 224 2855 Cui(
235 2771 335 2843 veluti
348 2772 469 2842 Cemcs
480 2764 645 2847 cecinere,
660 2791 718 2838 nec
729 2765 848 2838 inicius
859 2761 927 2856 lpse
938 2766 1003 2849 es)

130 2857 258 2931 Omnis
268 2859 303 2933 iu
313 2860 508 2936 immensam
519 2858 728 2946 promittitur
741 2858 840 2931 India
853 2858 994 2929 dotem.

127 2952 258 3025 Interea
273 3006 282 3036 ,
297 2958 438 3031 dubium
452 2951 540 3023 Coeli
554 2974 623 3045 quo
639 2952 762 3027 venerit
776 2955 870 3024 aslus

129 3045 297 3125 Cardine,
311 3054 419 3149 quave
437 3042 566 3139 plagas(
580 3069 658 3117 uam
674 3050 781 3139 plures
792 3044 919 3116 AEthere
929 3036 1098 3125 creduut)

127 3133 257 3228 Hospes
266 3146 357 3219 adest
370 3145 500 3221 mirus3
519 3139 620 3210 Cubae
632 3141 718 3235 proh
732 3139 844 3233 qualia
857 3131 966 3209 secum

130 3232 274 3316 Rerum>
289 3238 538 3325 hominumque
553 3232 631 3302 tulit
643 3236 805 3304 miracula
817 3230 828 3303 i
838 3223 1051 3303 navibusillis

131 3322 276 3400 Auderes
287 3335 437 3409 conferre
451 3348 527 3398 tuas
539 3323 563 3393 fi
575 3322 660 3397 forte
672 3332 818 3406 Canoas,

129 3414 211 3493 Non
225 3424 317 3505 aliter
327 3428 455 3507 faceres
468 3471 480 3507 a
495 3417 600 3514 <lilim
612 3420 752 3497 ‘Ustkus
765 3414 884 3495 inscius
897 3414 1008 3576 U‘bffi

1011 3526 1050 3578 ac
