2444 3900
174 309 244 381 294
428 283 653 358 rrurru
701 284 798 354 xrr.

129 436 214 507 Non
227 427 332 503 metui
346 452 358 510 ;
372 431 424 500 Tu
438 427 529 500 Diva
540 449 677 502 manum
691 477 702 508 ,
715 429 768 496 Tu
781 423 890 520 dirige
905 428 1012 501 telum

133 535 265 620 Corpus
281 526 313 596 iu
326 522 451 602 Auriae,
463 521 543 593 vivo
554 544 626 615 quae
641 521 767 592 nubere.
776 518 884 595 Fratri
932 566 934 570 -

128 626 211 693 Nou
224 620 363 698 meruit,
376 615 483 690 nubat
492 616 593 686 cineri
607 642 616 682 ε
628 612 731 685 cadat
743 633 823 687 anre
834 613 981 690 latronis

129 710 275 787 Infames
289 704 409 784 oculos
421 709 599 802 .-Spolium
613 706 801 779 tibi-diuitis
812 709 893 780 ostri

129 807 217 880 Illud
230 806 321 877 idem
335 803 459 877 deferre
476 825 577 893 paro,
590 801 685 896 quod
698 801 826 891 perfida
837 804 962 891 coniux

132 902 267 980 Induit,
283 900 348 972 hoc
358 895 460 988 longe*
473 898 593 967 meiius
608 913 667 965 tua
681 894 796 966 vestiet
806 900 914 967 iconi

176 999 256 1065 Haec
267 987 424 1085 ubi‚qu2i
436 990 539 1059 valuit
548 1008 617 1058 nou
629 985 782 1060 evitabile
794 993 914 1061 telum

33 1142 37 1147 .
132 1093 214 1158 Arte
228 1088 411 1158 relaxavit.
428 1082 509 1153 Nou
523 1082 615 1154 omui
628 1104 668 1154 err
686 1083 915 1175 paneperenri

128 1177 206 1250 visa
221 1182 294 1249 Dea
305 1164 448 1251 annue're
462 1175 529 1256 est3
548 1175 670 1248 calami
684 1174 823 1248 stridore
836 1179 989 1259 volantis

129 1274 262 1344 Scilicet
276 1269 472 1344 admonitus
484 1264 643 1360 Sonipes,
656 1269 698 1342 de
712 1269 860 1363 pondere
871 1274 1009 1345 tantum

127 1370 372 1447 Praeme'ruens,
390 1361 579 1457 spretorque
596 1361 660 1446 sui,
674 1367 743 1451 jam
754 1384 849 1434 crura
863 1368 994 1457 leuaret

128 1462 266 1533 Arduus
276 1462 309 1531 in
320 1460 421 1530 saltu:
435 1456 525 1528 venit
536 1457 647 1538 halka,
661 1478 721 1531 nec
733 1457 847 1528 attulit
862 1455 969 1530 ierom

128 1554 280 1646 Virginis
290 1552 324 1623 iu
337 1555 482 1631 collum,
497 1553 622 1622 collum
635 1546 964 1644 percuffitequinum
980 1600 992 1627 .

128 1651 231 1718 Sentit
243 1668 332 1740 equo
345 1641 510 1719 inflieium
526 1651 642 1715 vulnus
654 1643 843 1736 pharetrata
857 1645 1015 1739 Virgo,

127 1737 274 1840 Quique
284 1761 387 1812 mauu
401 1737 550 1810 cmiiium
560 1787 568 1817 ,
578 1757 644 1809 'nec
658 1757 812 1832 tempora
823 1736 952 1810 distulit
967 1741 1024 1811 irae
1041 1794 1050 1812 .

127 1837 213 1904 Tam
225 1834 319 1913 cito,
334 1852 404 1904 tom
416 1828 518 1910 scite,
537 1830 899 1926 graviterque,dolore
911 1836 1094 1928 magistro,

128 1931 168 1996 In
180 1927 408 2011 iaculatricem
422 1928 568 2010 jaculum
579 1926 766 2003 contorum
783 1942 821 1995 ut
832 1925 905 1997 iiia·

127 2025 215 2089 Ante
227 2023 347 2103 iaceret
362 2017 477 2096 humi,
490 2018 593 2109 quim
608 2015 738 2089 saucius
751 2014 934 2089 Aiicoruir:

127 2110 196 2203 Qui
211 2111 317 2182 standi
332 2111 517 2188 inualidus,
532 2132 600 2184 non
610 2114 684 2204 'quo
695 2124 815 2183 nutum
826 2112 980 2184 trahebat

124 2203 299 2284 ponderis,
310 2205 342 2276 in
354 2223 472 2276 terram
484 2203 597 2296 pronis
609 2205 676 2276 ruit
687 2204 826 2277 artubus
842 2210 949 2286 astum

67 2321 70 2326 ·
127 2299 247 2368 Sensim
262 2322 356 2371 crura
368 2296 439 2370 solo
450 2298 643 2389 languentia
654 2322 778 2392 ponere
791 2297 875 2370 visus
889 2347 912 2379 ,-

128 2393 308 2485 Tanquim
320 2390 499 2469 sollicitus,
513 2392 699 2466 Dominam
710 2394 754 2463 ne*
765 2394 894 2464 iaederet
904 2444 914 2474 ,
925 2391 1026 2468 effer.

146 2546 149 2551 .
172 2486 281 2557 Auriae
297 2491 421 2557 laturus
434 2507 532 2575 opem
546 2486 911 2576 properaverotarden‘s

126 2579 336 2659 Colunrbns;
353 2580 446 2649 fimui
459 2577 504 2647 ad
518 2578 694 2650 vamindae
705 2577 979 2674 funerapraeceps

124 2673 319 2744 Fernandus
333 2674 502 2763 :dumque
518 2671 571 2743 hic
584 2672 792 2746 homicidam
808 2673 979 2768 Virginisr
995 2674 1046 2747 iile

123 2766 253 2855 Qaerit
266 2765 343 2859 equi
359 2762 574 2851 percussorem
587 2815 596 2844 ,
607 2765 668 2838 fibi
679 2788 799 2839 mutua
813 2787 947 2839 vertunt

121 2859 262 2930 Lumina
276 2911 285 2928 .
305 2860 491 2929 Coimubus
504 2864 629 2930 unitum
646 2860 804 2932 uenientis
817 2859 852 2932 in
863 2862 927 2932 ilio

104 2953 235 3021 uronis
251 2957 326 3023 crim
343 2952 455 3023 videat
468 3003 477 3035 ,
490 2972 588 3046 putat
601 2948 660 3023 ess'e
671 2979 711 3025 ex
726 2952 875 3026 hostibus
886 2978 1015 3025 unum:

119 3044 327 3137 Miraturque
340 3065 469 3128 romeu,
486 3046 581 3141 quod
595 3066 662 3120 nou
674 3054 821 3119 armetur
834 3066 872 3119 ut
884 3050 993 3120 lodus

117 3139 273 3208 Arcnbus
288 3147 320 3209 &
329 3138 461 3227 jannis,
476 3138 624 3231 Hispana
637 3127 689 3211 sed
705 3140 958 3231 induarorma.

120 3229 366 3324 Qaliscuoque
388 3231 474 3304 foret
490 3284 499 3314 ,
516 3252 630 3307 manet
644 3232 904 3328 imperterritus,
920 3235 1053 3310 hostem

118 3324 325 3415 opperiens,
341 3325 520 3421 firmatque
530 3328 697 3421 gradum,
712 3333 899 3424 clypeoque
914 3330 1005 3423 ‘tegit
1024 3332 1075 3404 se.

115 3417 306 3491 Feruandus
320 3422 500 3512 postquam
511 3419 585 3497 seri
598 3418 911 3501 manifestaremus

944 3519 1049 3614 Signo
