2444 3900
172 208 218 302 43
323 282 325 286 ,
447 208 673 283 cruere
716 148 835 281 rr}

127 352 201 423 Nec
214 346 450 444 mimisegestis
461 349 568 425 minui
581 353 785 448 patrimonia
796 346 945 424 nummis
1002 394 1006 401 -

127 440 201 538 Ipsa
211 441 306 517 timer
320 493 330 525 ,
345 465 448 540 quam
461 465 502 514 nc
514 464 619 522 terras
634 446 814 539 emissa-per
824 462 948 516 omnes

17 538 21 549 '
66 608 71 617 ,
128 534 281 630 Prodiga
293 558 376 609 vena
385 555 438 608 tot
451 536 616 611 undarum
633 541 836 635 depauperet
846 555 988 630 aequor.
1014 572 1031 591 ·-

128 633 218 701 Inter
228 650 404 724 utramque
417 628 567 703 coruscat
576 637 698 704 Houor
711 684 721 714 ,
733 629 792 726 qui
807 626 900 708 sede,
913 630 1061 722 locoque

43 800 49 809 ,
129 721 559 815 Celsrorambabus‚quam
574 717 930 814 sepopularibusauris

131 812 281 887 pascier,
301 816 459 907 apopulo
470 834 539 888 tam
553 817 678 910 gaudet
690 813 793 889 abesse
808 863 819 894 ‚
837 810 1012 906 supremos

130 911 174 980 Et
187 906 320 978 coluisse
332 909 463 998 apices,
477 912 613 1003 altoque
623 908 642 979 e*
653 911 773 981 vertice
787 909 866 978 viles
928 946 933 959 «

131 995 456 1092 Despeererecasas,
478 1009 511 1072 δι
523 999 703 1073 habentem
713 998 826 1072 nubila
842 995 999 1090 plebem,

132 1094 262 1163 Cautus
273 1140 283 1171 ,
294 1093 362 1163 utri
375 1091 475 1184 louge*
491 1093 602 1165 vertier
611 1092 793 1165 reverentia
806 1095 936 1179 malot3

132 1176 294 1276 Obsequii
306 1188 442 1258 exasior
454 1186 602 1276 rigidus,
619 1186 756 1279 largitor
770 1203 807 1256 at
816 1184 907 1256 idem

133 1281 278 1348 Parcus:
294 1277 324 1348 ei
337 1298 469 1350 tantum
483 1279 609 1358 comis,
623 1280 683 1373 qui
694 1279 803 1349 creber
816 1275 862 1347 ad
872 1297 997 1369 autem

132 1366 249 1441 Timuit
262 1371 434 1449 adulator,
447 1368 612 1466 nescitque
621 1374 656 1443 iu
666 1370 763 1442 laude
773 1371 933 1462 pudorem
949 1417 961 1441 .

132 1460 223 1534 Huic
235 1464 338 1536 etiam
350 1462 406 1536 sua
414 1460 509 1559 sylva
521 1462 647 1546 subest,
662 1486 723 1536 nec
736 1461 856 1536 rustica
866 1455 958 1542 visu3

133 1560 183 1627 At
191 1560 306 1650 quales
317 1555 400 1628 olIm
408 1558 496 1628 lecta
511 1559 694 1650 gestamina
708 1559 840 1648 Regum

135 1651 229 1720 Ferre
239 1645 448 1739 superbibant
462 1646 521 1720 sub
529 1649 662 1721 honoro
674 1651 825 1742 pondere
838 1665 1003 1740 quercus,
1067 1682 1069 1687 >

134 1741 215 1809 Tale
226 1740 310 1831 quid
323 1741 378 1811 hic
388 1741 536 1832 produnt
547 1738 719 1813 arbuscula
729 1740 878 1832 singula,
902 1760 972 1808 nott
984 1743 1058 1827 iam

134 1830 470 1924 Thoraces,galeas,
491 1829 734 1905 scdsusteutare
745 1834 871 1904 thiaras
1060 1913 1063 1917 ,

135 1917 235 2004 Visa,
250 1942 372 2017 togas,
385 1925 539 2004 trabeas,
557 1928 733 2020 Tyriaque
745 1923 934 1995 imitamina
949 1925 1064 1996 lanae

136 2013 842 2109 quueeratillusrsauimisjucundius,
871 2014 961 2089 ultrb
1007 2090 1010 2095 ,
1085 2068 1088 2073 -

140 2107 199 2179 Ad
211 2126 328 2200 raptus
339 2106 452 2181 faciles
464 2109 584 2180 rubros
596 2109 768 2182 curvantia
781 2130 915 2198 ramos.
1030 2129 1037 2143 ·

185 2202 274 2272 Ante
288 2202 368 2272 Deae
382 2199 522 2294 triplicis
535 2204 648 2274 vultus
659 2223 726 2277 non
739 2202 850 2272 taliter
861 2199 957 2274 haestt

138 2295 273 2382 Anceps
286 2293 412 2366 consuli
424 2293 790 2366 celeberrimusarbiter-
800 2294 893 2371 Ide,
992 2354 996 2363 .
1079 2351 1086 2363 .

28 2421 30 2426 ·
100 2458 102 2462 ,
139 2379 284 2456 Praeferri
296 2385 435 2477 diguam
450 2410 527 2458 cum
538 2387 722 2481 quamlibet
737 2382 796 2458 esse
812 2385 966 2467 videtete
988 2470 991 2475 Ι

48 2478 54 2487 ’
142 2475 279 2549 Oblatis
297 2474 339 2550 de
353 2479 540 2571 tergemina
555 2501 615 2552 ceu
624 2475 725 2552 sortis
736 2477 826 2550 Iberi
997 2553 1001 2561 ,
1098 2482 1101 2487 ’

142 2569 250 2669 Qud
262 2575 403 2660 legerent
414 2571 524 2644 haesere
536 2572 659 2655 bonis,
680 2591 764 2644 vota
776 2567 875 2664 usquc
887 2587 1040 2644 terrerent

140 2659 510 2756 Lauctsubambigria‘i‚
534 2661 1012 2742 smilesachianrlbusetsent,

140 2753 189 2824 Ni
207 2753 349 2828 traheret
360 2754 487 2830 diversa
499 2758 599 2829 bonis
613 2755 667 2831 sua
684 2776 851 2849 quemque
864 2754 992 2850 cupido
1004 2805 1019 2828 .
1036 2790 1040 2800 ·

141 2843 269 2918 Vascus
282 2867 318 2919 ut
329 2851 349 2918 a*
362 2849 467 2921 titulis
480 2849 640 2942 firmoque
654 2848 812 2939 superbus
823 2847 919 2918 avito
933 2899 944 2929 ,

141 2941 227 3010 Tam
243 2943 349 3036 prope*
360 2940 539 3035 conspeslo
550 2940 755 3012 dominandi
768 2937 887 3031 fomite
898 2962 909 3020 ;
930 2931 1052 3016 sorntm

141 3033 300 3123 Urgeor?
316 3039 482 3106 exclamat
497 3032 658 3129 :rationis
671 3056 712 3105 an
728 3032 854 3122 integer
864 3028 984 3104 adsum

141 3125 193 3194 Ex
215 3117 320 3193 solido
333 3121 424 3196 foelix
440 3127 546 3197 iaulae
562 3125 666 3217 quam
681 3121 821 3196 discolor
831 3124 928 3211 hujus

143 3220 223 3295 Mos
236 3232 322 3288 terret
333 3217 354 3286 a
365 3215 485 3288 nolitis
499 3270 508 3298 ,
520 3218 577 3289 ubi
589 3215 712 3310 semper
723 3216 863 3287 horroris
872 3237 975 3313 avara

144 3305 265 3381 Porrio
285 3309 471 3409 veluriuimi
483 3311 527 3385 est
539 3337 547 3379 ε
560 3312 725 3410 [jureuiles
736 3305 902 3405 pascimus
910 3330 1044 3400 „annosa

502 3416 506 3426 '
1007 3410 1072 3499 Spe
