2444 3900
983 74 989 87 '
1053 72 1063 135 i

431 216 877 349 rnnrnrrrre'
1008 276 1068 343 nr

153 415 282 489 Omnia
297 415 488 489 nonomnis
500 418 594 495 tellus
608 418 693 491 ferat
705 466 716 498 ,
729 416 888 490 omnibus
900 432 967 486 una

150 515 313 581 Attamen
329 507 674 604 ingenuaestpopulis
686 515 787 603 gula,
799 501 1060 601 gratiaquando

149 603 267 673 Rebus
276 602 375 684 inest,
390 623 562 696 uunquam
575 602 680 676 lenius
690 622 759 675 non
772 603 891 675 arbiter
902 619 1013 686 nequns
1028 644 1037 665 .

195 695 411 773 Dixir,&in
423 697 517 766 tereti
530 695 653 768 flavum
665 716 789 767 cratere
800 699 935 788 Lyaeuur

153 788 304 880 Porrigit
322 788 508 881 Aruirago:
523 791 593 862 Rex
607 789 750 883 accipit,
765 807 868 881 utque
879 788 1032 857 colorem

148 876 277 969 Aspicit
288 878 460 950 affimileur
475 882 566 952 latici
579 935 588 963 ‚
599 887 729 976 qualern
746 881 841 951 Mida
854 877 949 949 dives
975 924 977 929 ·

146 971 371 1046 Indelibatum
386 971 503 1044 misero
515 975 689 1066 deprendit
699 976 735 1046 in
746 997 850 1052 auro,

147 1061 282 1158 Insuper
293 1065 470 1157 &liquide
483 1069 642 1158 praesenfit
656 1066 810 1139 acumina
825 1064 924 1145 viru,

145 1159 340 1237 Exclamat,
354 1155 486 1230 fateor,
505 1165 553 1231 vel
564 1157 677 1248 inipso
687 1166 1001 1249 nestarenunquam-

147 1252 228 1319 Tale
241 1251 324 1345 quid
333 1270 504 1344 expertus,
518 1252 589 1345 quo
599 1252 848 1324 firmanisestior
858 1251 909 1321 ori

144 1341 209 1411 Iste
219 1346 312 1436 lepos
324 1396 336 1426 ,
347 1345 518 1415 iterandus
534 1345 596 1416 erit
608 1397 619 1418 .
632 1344 733 1416 Proin
745 1344 856 1439 ocyus
867 1342 932 1413 hire
942 1362 1004 1410 vos

144 1435 350 1530 Fertedapes
363 1434 499 1517 famuli,
511 1459 594 1531 quas
606 1437 766 1533 providus
782 1435 862 1509 aute*
875 1432 987 1504 venire

143 1527 310 1619 Praecepi:
332 1547 369 1599 nt
378 1531 502 1601 Tecum
515 1536 571 1602 lux
582 1531 650 1603 baee
662 1529 803 1626 genialis
814 1545 934 1620 agatur

143 1618 239 1692 Teste
250 1622 354 1701 mari,
365 1622 486 1714 quique
496 1641 572 1695 anre
584 1648 663 1696 meae
677 1621 860 1696 infortunia
872 1619 975 1714 prolis

143 1711 910 1811 wderar,aspiciarparirerconviviaportus,

142 1805 225 1874 Haec
236 1804 396 1880 nascentis
409 1809 561 1881 amicitie
570 1813 708 1900 iaciture
724 1811 861 1881 libenter

142 1899 273 1971 Semina
284 1925 341 1995 per
352 1898 460 1974 socias
469 1907 602 1997 epulas,
617 1925 655 1976 ut
668 1922 799 1995 tempus
813 1903 846 1974 in
861 1923 962 1973 orune

140 1988 287 2072 Misceri,
303 2016 365 2065 vos
374 1994 495 2088 nosque
506 1997 589 2070 inter
599 2038 612 2072 2
623 1999 807 2072 doceantur
821 2000 973 2068 amores.

184 2083 347 2160 Dixerat:
363 2089 383 2157 e
397 2091 491 2164 restis
504 2089 556 2160 led
569 2094 639 2177 iarn
652 2089 833 2182 predivitis
846 2092 928 2162 aulae

140 2178 265 2248 canoae
278 2180 440 2273 praemill'ae
450 2181 799 2279 aderaut,secumque
806 2205 864 2277 per
874 2180 990 2254 undas.

138 2272 905 2368 Attulerantregalepenu,ueceduliatanuiur

139 2363 243 2433 Claro
252 2363 415 2439 nobilium
429 2387 600 2461 procerum
616 2364 742 2441 servata
755 2373 897 2468 palato,

136 2453 249 2526 Plebis
258 2477 295 2528 at
303 2457 338 2531 in
349 2482 476 2533 ventres
487 2461 588 2532 etiarn
600 2461 765 2535 mittenda
780 2459 917 2532 minure
931 2505 941 2526 .

136 2547 230 2639 Ergo
243 2551 298 2623 ubi
311 2550 392 2624 festa
400 2560 518 2663 procul
527 2551 623 2625 solito
637 2553 718 2637 tuba
731 2554 865 2627 nautica
876 2567 977 2622 cantu

136 2639 323 2746 Convivale
333 2645 430 2718 dedrr
445 2647 596 2739 fignunr,
611 2664 683 2719 tum
696 2645 896 2735 iulialedere
983 2686 987 2691 -

133 2735 255 2805 ano
268 2737 371 2810 Auria
385 2742 483 2820 loco,
500 2744 575 2815 Rex
587 2745 682 2830 iuxta
694 2791 705 2821 ‚
718 2740 837 2812 exinde
851 2735 1063 2816 Columbus3

132 2823 264 2901 Caetera
273 2830 373 2902 turba
385 2837 521 2907 Ducum
536 2830 625 2907 sedes
637 2832 780 2907 habuere
793 2832 957 2905 minores.

131 2917 316 3013 Qidquid
331 2922 505 3020 alirsapidi
518 2927 681 3024 Iunonius
691 2927 724 2997 in
735 2931 845 3014 iecore
857 2930 947 3005 ales,

128 3012 299 3084 Pfittacns
312 3015 347 3088 iu
357 3016 471 3108 lingui
485 3070 497 3104 ,
513 3019 650 3092 Gallina
664 3020 758 3112 quod
771 3019 903 3114 hospita
917 3013 1003 3112 prati

128 3105 297 3179 Clunibus
308 3107 345 3180 iu
357 3110 461 3185 niveis
472 3164 483 3196 ,
494 3113 588 3209 quod
601 3135 712 3186 cereus
728 3111 871 3185 Anserin
884 3111 991 3193 extis,

125 3199 167 3267 In
179 3198 303 3272 lumbis
313 3205 464 3288 Turdus,
479 3225 624 3300 totoque
635 3205 669 3277 iu
684 3228 826 3300 corpore
838 3209 957 3279 Gallus

124 3290 214 3361 Non
226 3296 423 3368 Veroneufis
432 3299 674 3372 tantummodo
689 3298 817 3372 montis
828 3320 984 3384 amator,

128 3387 276 3462 Venerat
287 3389 420 3466 auratis.
429 3391 462 3464 in
474 3392 646 3474 lancibus,
662 3391 748 3468 inter
761 3392 931 3469 edendum
979 3448 1021 3555 F-

590 3492 625 3557 M
653 3509 673 3575 3·
1005 3505 1055 3558 er·
