2444 3900
169 233 239 303 '208
320 260 323 265 ·
436 219 844 322 LlssERlx„

128 369 275 444 Mutavit
285 406 297 439 2
309 364 452 458 bellique
462 363 540 436 atsrt
552 361 696 436 melioris
710 382 824 435 amore
840 410 852 435 .

173 459 303 534 Scilicet
313 459 389 530 hinc
403 456 543 538 animis,
556 454 903 547 atquealrercantibus
915 454 1008 528 illinc

127 560 212 631 Ecce
225 554 297 626 Viti
312 550 411 625 facies
424 550 585 643 inopina,
598 552 722 620 statuta
732 549 906 641 gigantem

128 647 276 743 Arguir(
291 642 494 718 horrendum
505 639 589 715 visus
603 639 672 728 )de
683 660 781 733 gente
793 640 987 737 propinqui

129 738 358 813 Cannibaltim
370 734 587 812 monetent,
602 732 726 807 recenti
742 732 897 826 sunguine
907 734 1038 811 stiuam

129 838 277 913 Cutem,
293 838 326 902 δι
340 829 484 922 aprunii
492 830 605 920 piceus
614 823 776 920 ferrugine
787 832 920 898 vultus·

130 923 345 998 Monstrifero
358 922 533 1017 capitipar
545 939 721 1015 compensa
741 918 884 1013 grandia
894 940 991 1014 terga

131 1018 302 1090 Dentibus
312 1013 466 1087 humanis
478 1032 618 1105 torques
628 1010 799 1085 confertur
807 1013 950 1094 obibat,

132 1111 291 1184 Guttutis
304 1108 338 1180 in
351 1129 511 1199 pompam
525 1111 612 1178 velut
623 1105 785 1179 ostentate
797 1125 966 1187 tumeret,

113 1238 117 1251 ·
134 1210 233 1297 Qot
247 1201 521 1274 dentesnotidem
533 1197 593 1271 elie
606 1198 758 1270 homines
767 1199 801 1273 in
812 1216 924 1272 ventre
938 1196 1098 1294 sepultor.

136 1298 330 1368 Diloticatae
342 1297 479 1367 Balaenae
493 1313 632 1384 corpore
642 1289 728 1364 sesto

136 1388 303 1462 Aunobat
317 1387 453 1459 maxilla
463 1409 599 1458 manum
614 1413 622 1452 :
638 1385 707 1454 vice
717 1383 741 1454 st
752 1383 838 1458 soret
849 1385 949 1476 huius

139 1488 247 1554 Clava
263 1530 272 1560 ,
286 1478 379 1551 suunt
390 1479 530 1550 Alciden
541 1479 651 1550 mollis
660 1479 841 1565 jastatet&
853 1480 983 1552 Indus,

138 1574 380 1646 Thetodonton
393 1571 448 1642 hic
458 1571 641 1665 est,iegati
655 1569 789 1642 nomine
798 1573 923 1664 raptim
977 1632 982 1639 .

140 1664 254 1740 Missus
264 1664 306 1737 ab
318 1663 563 1757 Androphago,
574 1686 651 1736 cunr
684 1663 804 1735 rimtirn
818 1685 933 1738 tumor
947 1662 994 1738 ad
1003 1687 1101 1742 aures

140 1758 300 1836 Pertulit,
314 1755 452 1828 Anniam
466 1776 601 1829 externo
610 1779 645 1828 ce
686 1754 729 1828 lie
738 1761 886 1830 marito.

141 1852 321 1940 Illiusetgo
335 1846 967 1943 trucesfurias,lameutmminasque,
1123 1904 1137 1935 .

144 1941 276 2034 Insuper
286 1950 318 2012 &
329 1942 451 2012 bellum
462 1939 558 2032 rapti
570 1964 633 2032 pro
643 1948 785 2034 conjuge
793 1940 919 2014 defert.

144 2040 258 2126 thue
273 2051 344 2103 erat
356 2031 512 2104 indoelus
524 2031 619 2104 fandi
633 2033 836 2116 uiolentus,
846 2036 986 2109 acerbus
1000 2071 1015 2106 2

146 2127 247 2216 Asper
259 2140 269 2204 3
283 2123 488 2201 inurbanus,
505 2150 573 2196 non
584 2128 599 2213 (
611 2145 649 2197 ut
660 2148 736 2198 mos
748 2127 916 2221 postulat)
932 2146 1014 2203 orat

146 2215 292 2290 Admitti
304 2217 418 2288 curtim
433 2240 444 2296 ;
457 2213 605 2290 conferta
615 2241 670 2312 pet
682 2222 817 2311 agmina
828 2245 971 2314 preceps

144 2309 267 2391 lrruit,
285 2309 551 2404 Arviragumque
563 2315 647 2402 petit
660 2332 713 2384 tot
725 2313 827 2385 millia
841 2317 960 2386 contra

146 2410 265 2483 Unus,
279 2410 312 2474 δι
325 2399 502 2483 insultans,
517 2423 678 2496 tanquam
689 2404 748 2476 fibi
761 2402 874 2498 sponsa
887 2417 1048 2504 negetnrj.

191 2500 282 2587 Ergo
293 2517 333 2567 ne
347 2544 357 2575 ,
369 2496 547 2574 clamavit,
564 2497 722 2569 Caribum
736 2516 797 2570 tna
811 2499 893 2571 Filia
909 2501 1003 2591 Regi

148 2592 251 2660 Paua
263 2588 353 2680 priris
364 2638 373 2668 ,
385 2584 519 2660 scattdet
535 2591 699 2678 praedonis
711 2610 815 2684 nupta
827 2592 959 2664 cubile?

149 2685 222 2753 Nec
234 2698 265 2750 te
273 2686 345 2770 juta
358 2687 521 2751 movent?
539 2705 598 2752 nec
610 2683 716 2754 nostra
730 2685 880 2774 potentia
891 2687 1017 2758 terret?

148 2775 241 2867 Quin
254 2773 353 2844 etiam
365 2773 463 2845 ludos
477 2773 546 2843 haec
555 2776 600 2844 ad
615 2772 770 2867 sponsalia
784 2777 923 2849 demens

149 2864 321 2945 instituis,
337 2889 414 2936 cum
427 2865 562 2937 finitimi
577 2866 636 2937 tibi
650 2869 768 2948 fimus,
783 2869 947 2942 &isthinc

150 2957 281 3028 Rivalis
294 2955 396 3047 possts
405 2954 557 3030 fremitus
569 2960 683 3034 audire
697 2963 807 3034 mariti
821 2962 832 3034 l

150 3057 253 3140 Perge
268 3047 331 3121 frui
344 3100 354 3129 ,
370 3072 473 3143 quam
488 3052 632 3144 prinuim
647 3054 730 3126 alios
748 3055 811 3128 tibi
826 3051 979 3148 spondeo
992 3059 1112 3141 ludos;

149 3142 223 3212 Nee
236 3159 321 3233 puto
332 3160 363 3211 te
375 3147 499 3216 lateant
510 3191 521 3224 ,
532 3146 664 3236 Regum
677 3147 904 3230 timidissime,
919 3153 1039 3226 nostrae

151 3234 316 3326 Sanguine
328 3233 368 3303 de
381 3237 488 3308 vestro
502 3235 600 3309 solitae'
614 3238 823 3334 pinguescere
834 3265 937 3314 coenae
952 3292 963 3313 .

149 3326 342 3398 Retroasiis
355 3334 469 3420 pejora
480 3332 560 3403 time
573 3334 682 3416 mula,
692 3332 726 3406 ni
736 3333 809 3408 citu
820 3335 926 3429 turpis

971 3430 1067 3504 Hinc
