2422 3892
239 262 304 335 88.
503 248 728 344 UBER
766 260 853 334 tv.
955 272 958 281 '

194 401 342 476 Forfitao
355 401 489 476 &luitici
499 405 578 486 ,ulfi
587 404 685 500 qudd
695 403 899 482 contendere
910 403 1011 497 poffrt

193 502 284 570 Cum
296 519 376 568 vero
385 495 482 568 falsus
494 547 505 577 ,
516 495 830 592 fomitaecquoque
843 498 952 589 gloria
968 501 1035 572 veri
1050 548 1061 569 .
1163 583 1167 586 ⁴

193 595 273 662 Tale
283 589 366 684 quid
374 609 453 662 ante
465 594 597 663 Ducem
606 592 752 664 ntendax
759 597 908 664 Fortuna
917 594 1050 665 colorat
1067 644 1078 663 .

193 688 252 754 Ille
264 680 324 754 scit
337 682 399 755 cll'e
410 681 546 776 quidem
557 685 623 757 fine
635 706 798 775 corpore,
811 684 1112 778 corporisumbras

193 777 320 873 Qalia
331 778 374 850 de
384 776 503 868 pluviis
521 776 658 850 veniunt
668 773 854 871 ipedtacula
864 777 989 872 pidis,

192 881 344 966 Qaeque
354 869 445 942 diem
457 872 666 945 contradant
675 891 775 944 motae
787 875 875 944 colla
885 872 1049 944 columbe
1068 898 1077 940 ε

192 968 284 1036 Hinc
294 961 432 1036 dubitat
444 1016 453 1046 ,
464 988 547 1037 uum
560 987 633 1044 tes,
650 964 764 1037 anfiot
774 964 964 1038 imitamina
978 987 1109 1044 return,

192 1055 406 1152 Ignoscirque
415 1055 498 1136 suis,
511 1058 672 1153 similique
683 1080 789 1131 errore
801 1055 925 1131 fatetur

193 1158 233 1222 Se
246 1147 384 1244 potuisse
398 1150 476 1244 capi
489 1182 498 1219 ι
511 1170 644 1224 tantum
658 1151 837 1225 videtattis
847 1152 881 1223 in
892 1170 985 1223 arte.

193 1248 282 1315 Tum
298 1244 424 1315 vetitus
435 1294 446 1325 ,
459 1245 602 1320 nimium
613 1242 671 1317 sua
681 1247 765 1317 dum
779 1245 900 1339 pupilla
908 1249 1043 1332 jocatur

192 1334 469 1429 circumspectu
485 1335 585 1410 vafris
598 1339 774 1412 volitantia
785 1339 959 1431 pelliculis,
973 1361 1016 1410 ue

194 1434 327 1520 Captus
336 1437 369 1500 &
379 1428 444 1525 ipse
457 1428 562 1510 foret,
576 1431 719 1506 declinat
731 1433 874 1510 lumina,
887 1437 991 1523 Seque

192 1523 329 1596 Talibus
343 1524 526 1597 admonitis
537 1525 708 1606 hortatur,
719 1536 871 1597 &armat
884 1522 1061 1597 Honesto.

238 1619 455 1710 Heulquota
466 1639 543 1710 pars
552 1616 727 1689 hominum
739 1616 817 1689 saul
827 1638 903 1689 cute
912 1620 1040 1711 turpius
1052 1637 1156 1698 errat,

191 1712 236 1782 Et
249 1711 355 1784 stertit
363 1711 503 1804 vigilans
516 1759 526 1790 ,
541 1717 575 1780 δι
587 1711 710 1780 lumine
723 1710 839 1781 laudat
851 1730 970 1802 aperto

191 1805 349 1883 Somnia,
375 1826 503 1896 proque
514 1802 613 1875 bonis
624 1799 766 1894 sequitur
779 1803 951 1874 fimulacta
965 1804 1156 1877 bonorum.

191 1897 316 1968 AEstuet
328 1902 348 1968 a
358 1896 453 1968 nullis
467 1897 622 1987 quamvis
636 1917 729 1964 mens
741 1893 850 1967 saucia
866 1895 1019 1986 philtris3

193 1997 316 2082 Sponte
331 1987 384 2061 sed
392 1984 534 2065 insanis,
550 2009 610 2057 nec
623 1986 756 2059 delirare
770 1989 895 2059 cottiis

192 2081 323 2153 Danda
333 2097 443 2149 tamen
457 2078 552 2148 venia
566 2079 623 2150 est:
636 2100 737 2170 maga
746 2077 786 2150 fit
800 2077 855 2152 lua
865 2080 984 2175 cuique
996 2082 1137 2174 cupido.

195 2181 251 2248 Me
263 2169 440 2244 Comitum
453 2168 602 2251 miserett
616 2172 721 2242 Sed&
735 2172 797 2245 hos
810 2172 900 2244 haud
910 2174 1044 2268 longius
1056 2176 1125 2270 ipse

195 2261 339 2336 Insanire
350 2263 478 2344 finam,
493 2266 600 2337 tenuit
614 2262 662 2337 sat
674 2263 817 2338 scenicus
827 2289 935 2337 error:

199 2364 261 2430 Fas
271 2358 408 2432 taudem
421 2380 528 2451 ponat
539 2358 656 2431 festiva
668 2360 837 2452 tragoedia
849 2359 972 2432 finem.

195 2456 239 2525 Et
249 2451 408 2544 quianon
418 2452 486 2524 alio
497 2449 671 2525 solvendus
688 2454 818 2527 vindice
831 2455 943 2525 nodus

192 2545 308 2639 Qun
323 2541 475 2638 prasente
489 2550 588 2626 Deo,
606 2547 716 2620 nodus
731 2544 878 2619 solvatur
888 2565 926 2618 ut
940 2546 1022 2630 iste,

192 2639 270 2735 Iam
278 2642 371 2712 Deus
384 2639 512 2714 interiit
524 2692 533 2712 .
546 2639 648 2712 Dixit
663 2691 673 2722 ,
686 2639 838 2733 clivoque
853 2639 969 2711 relido

191 2732 384 2824 Intrepidus
397 2734 536 2806 molitur
548 2738 628 2815 iter,
641 2757 711 2825 quo
720 2733 823 2804 divite
833 2755 931 2804 usuro

191 2832 301 2898 Aurea
310 2829 522 2918 precindum
530 2827 686 2900 munibat
696 2825 802 2919 Ianua
814 2822 943 2915 septum
961 2876 972 2897 .

237 2922 367 2992 Interea
379 2917 548 3010 Hispanos
562 2921 680 2993 hilares
694 2918 867 2989 dulcedine
877 2919 1009 2991 claustri

79 3074 94 3089 ,
113 3096 117 3103 Ι
190 3016 230 3080 In
241 3034 357 3083 nemus
366 3012 445 3083 illud
456 3011 567 3094 idem,
580 3013 682 3084 veluti
693 3013 736 3084 de
749 3034 840 3084 more
854 3007 979 3083 solebat
995 3061 1005 3092 ,

192 3102 402 3177 Canaridum
415 3101 537 3197 stipata
548 3107 654 3179 choto
665 3103 901 3177 Theromantis
913 3103 1030 3177 adibat
1042 3156 1053 3175 .

190 3193 304 3267 visere
314 3221 371 3289 pet
382 3197 486 3267 lusum
499 3197 601 3270 veluti
615 3196 739 3273 vivaria
753 3195 832 3291 sape

192 3292 268 3359 Rex
277 3291 403 3381 gaudet
414 3290 472 3360 fibi
483 3291 525 3362 de
539 3289 637 3379 Pario
651 3314 724 3386 quae
737 3312 902 3363 marmore
913 3287 992 3363 fecit
1008 3334 1022 3371 ,

191 3387 243 3456 Ut
256 3386 387 3493 uolente
398 3381 507 3460 mati,
522 3403 661 3476 portum
671 3380 1086 3547 8⁰¹²sell¹l>⁶lh²b³t⁶ss2l,

260 3520 264 3525 .
330 3530 334 3539 ι
1046 3497 1105 3546 ῃ.
