2444 3900
248 243 290 311 82
502 237 843 319 LIBERIV.

200 379 356 452 Errorum
365 379 590 477 caligo,diem
602 378 684 475 quid
694 375 773 451 ferre
783 374 946 458 moraris?

200 477 313 568 Qare
325 495 411 583 age,
432 492 549 568 rumpe
561 495 695 556 moras,
719 491 866 544 mentem
875 485 1013 555 excute,
1036 461 1161 544 scande

289 586 458 640 canuam.

243 657 348 728 Vocis
357 660 400 732 ab
410 660 550 755 imperio
561 657 621 731 fibi
633 656 789 738 redditus
798 657 849 730 ille
861 710 872 743 ,
886 658 1036 731 volemus
1051 708 1063 742 ,
1099 712 1103 719 .

198 748 281 848 Q&
290 775 344 824 me
355 775 496 850 cumque
507 752 615 825 venire
624 748 1076 844 jubes,resp0ndit:&auo
1155 843 1158 847 ⁵

195 843 236 912 In
248 847 360 918 navim
375 845 457 920 saltu
469 901 478 930 ,
492 846 585 919 terris
597 844 683 917 subit
696 849 766 918 alta
777 843 900 917 renuis
914 895 926 917 .

194 933 278 1007 Non
292 937 341 1011 ita
350 938 445 1013 missa
458 959 560 1013 ruunt
570 936 698 1024 Baleari
710 936 786 1011 saxa
799 942 949 1018 lacerto,

194 1029 342 1123 Telaque
355 1033 516 1125 Cydonio
530 1032 575 1104 fic
588 1030 777 1103 evibrautur
790 1031 834 1103 ab
847 1054 925 1103 arcu
939 1077 950 1110 ,

193 1121 247 1192 Ut
258 1146 403 1216 pennata
415 1123 504 1218 super
514 1123 679 1198 volitabat
692 1126 812 1196 Gratia
824 1124 970 1199 fluibus,
1087 1178 1091 1183 .
1156 1208 1159 1212 ¹

158 1300 162 1307 Ι
192 1209 271 1377 kun
287 1221 374 1291 vada
385 1221 577 1292 tranfierant
588 1220 686 1291 nullis
699 1217 851 1289 obnoxia
862 1217 986 1297 larvis,
1084 1249 1118 1281 ·,

155 1310 159 1319 ’
231 1327 331 1380 aturae
344 1310 443 1384 certis
457 1309 767 1405 parentiasegibus3
784 1333 859 1383 ecce
1019 1369 1021 1375 .

193 1401 356 1476 Constitit
365 1425 441 1478 ante
453 1407 570 1476 oculos
582 1405 674 1475 aliud
690 1426 799 1475 mare:
813 1405 932 1482 noete,
949 1400 1074 1494 dieque

189 1494 336 1570 Turbine
348 1518 442 1571 mota
453 1497 548 1577 fluit,
562 1497 735 1590 refluitque
747 1497 915 1588 reciproca
926 1495 1056 1591 Tethys
1071 1546 1083 1579 ,

189 1587 235 1656 Et
248 1590 394 1663 clamosa
406 1589 551 1662 suocum
564 1591 661 1661 litore
671 1589 906 1680 litigatunda.
1119 1608 1122 1615 ⁴

189 1679 280 1750 Mille
292 1682 445 1755 homiues
455 1682 541 1762 illic,
555 1681 710 1770 pereundi
723 1680 809 1752 mille
821 1680 933 1772 figurae

188 1777 363 1865 Apparent
374 1801 383 1843 ε
395 1775 479 1847 alios
491 1773 566 1846 ferri
579 1770 671 1864 super
683 1772 815 1846 AEthera
827 1771 970 1865 spestaut
984 1823 997 1856 ,

188 1866 271 1934 Mox
281 1888 372 1940 ruere
384 1866 429 1940 ad
445 1888 560 1941 menes
572 1894 580 1935 :
594 1861 759 1959 quosdam
769 1865 965 1940 cessantibus
976 1867 1073 1942 auris

187 1955 303 2048 Defigi
316 1979 449 2052 torpore
461 1955 539 2038 sali,
559 1979 618 2029 nec
631 1957 766 2029 tendere
780 1978 898 2031 contra

186 2047 280 2119 Posse
292 2097 302 2127 ,
316 2052 406 2123 reue>
417 2048 548 2121 cursum
562 2071 623 2121 uec
638 2047 785 2133 fleesere,
800 2054 933 2144 perdere
945 2050 1054 2142 juss'os

185 2143 284 2233 Spem
296 2141 429 2234 quoque
442 2141 608 2234 naufragii
621 2192 631 2224 ,
644 2160 742 2214 tanta
753 2145 796 2215 est
810 2144 945 2238 ignavia
961 2144 1110 2220 flebitis.

233 2236 409 2308 Attonitus
421 2237 572 2307 novitate
585 2233 1068 2330 maris,circumspicitastre,

184 2323 355 2418 Ancipitis
368 2325 519 2402 consulta
531 2328 590 2417 viae
603 2349 720 2421 capere
734 2331 820 2403 uude
834 2328 961 2401 solebat

182 2414 352 2509 Hispanus
366 2421 497 2520 Typhis
509 2450 518 2492 ε
531 2421 615 2510 quid
629 2420 789 2512 spondeat
801 2420 885 2496 Ursa
896 2455 908 2488 2
921 2421 1105 2521 Venusque

182 2515 330 2605 Qut,
345 2524 378 2588 δι
397 2514 624 2608 Ατᾶορὴγίακ
638 2538 649 2596 3
664 2511 717 2585 sed
732 2518 846 2591 amicae
859 2513 993 2608 fugerat
1004 2539 1114 2592 omne

180 2605 374 2683 Praefidium
387 2612 503 2691 stelle,
519 2607 757 2681 tautummodo
768 2629 903 2689 toruus,
919 2614 952 2679 &
967 2628 1061 2701 ater,

180 2695 225 2763 Et
241 2698 306 2774 visu
321 2701 509 2780 horribilis,
522 2703 644 2794 suaque
657 2697 997 2793 interfulguraclaret

179 2787 388 2884 Euaginatus
402 2797 541 2870 nimbosi
559 2793 700 2866 Orionis
711 2795 811 2864 ensis.

226 2889 319 3054 Tupc
330 2889 398 2962 ait:
418 2888 483 2962 hoe
497 2911 536 2961 ne
545 2888 626 2959 illud
639 2908 750 2968 mare,
771 2884 866 2978 quod
880 2884 1039 2980 predixit
1051 2912 1154 2964 atau-

298 3006 356 3056 um

178 3074 250 3150 Dia
259 3077 375 3151 Aeetia
387 3073 469 3145 mihi
481 3125 490 3156 ‚
503 3076 726 3146 truculentum
738 3122 748 3154 ,
761 3074 899 3166 lugubre
911 3112 923 3146 2
937 3072 1087 3159 saevum,

178 3168 326 3252 Insidum
341 3167 604 3260 summisseque,
621 3163 832 3258 minimisque
844 3167 995 3253 carinis?

225 3265 285 3336 Illa
297 3260 413 3335 refert:
429 3263 494 3334 hoc
508 3260 590 3332 illud
599 3279 669 3331 erat
683 3283 693 3340 ς
707 3259 794 3331 vada
809 3260 946 3333 turbida
956 3257 1014 3335 sed
1026 3264 1084 3337 Tu

178 3357 232 3435 Ne
245 3355 374 3452 stupeas
390 3355 603 3449 3H0miuum
613 3353 727 3446 potius
739 3351 862 3430 mirate
871 3352 1038 3521 supiuau&
1067 3446 1101 3522 's

1040 3472 1110 3522 ra·
