<?xml version="1.0" encoding="UTF-8"?>
<!DOCTYPE html PUBLIC "-//W3C//DTD XHTML 1.0 Transitional//EN"
    "http://www.w3.org/TR/xhtml1/DTD/xhtml1-transitional.dtd">
<html xmlns="http://www.w3.org/1999/xhtml" xml:lang="en" lang="en">
 <head>
  <title>
</title>
<meta http-equiv="Content-Type" content="text/html;charset=utf-8" />
  <meta name='ocr-system' content='tesseract 3.04.00' />
  <meta name='ocr-capabilities' content='ocr_page ocr_carea ocr_par ocr_line ocrx_word'/>
</head>
<body>
  <div class='ocr_page' id='page_1' title='image "./columbuscarmene00carrgoog_0181.png"; bbox 0 0 2444 3900; ppageno 0'>
   <div class='ocr_carea' id='block_1_1' title="bbox 267 220 989 354">
    <p class='ocr_par' dir='ltr' id='par_1_1' title="bbox 267 220 1061 354">
     <span class='ocr_line' id='line_1_1' title="bbox 267 220 989 354; baseline -0.004 -4"><span class='ocrx_word' id='word_1_1' title='bbox 267 282 331 354; x_wconf 87' lang='lat'>180</span> <span class='ocrx_word' id='word_1_2' title='bbox 500 264 729 353; x_wconf 68' lang='lat' dir='ltr'>truta</span> <span class='ocrx_word' id='word_1_3' title='bbox 774 279 899 352; x_wconf 68' lang='lat' dir='ltr'>utu.</span> <span class='ocrx_word' id='word_1_4' title='bbox 951 220 989 276; x_wconf 49' lang='lat'>⁴</span> 
     </span>
    </p>
   </div>
   <div class='ocr_carea' id='block_1_2' title="bbox 165 415 1173 3389">
    <p class='ocr_par' dir='ltr' id='par_1_2' title="bbox 216 415 1003 515">
     <span class='ocr_line' id='line_1_2' title="bbox 216 415 1003 515; baseline 0.004 -28"><span class='ocrx_word' id='word_1_5' title='bbox 216 415 287 489; x_wconf 79' lang='lat' dir='ltr'>Esse</span> <span class='ocrx_word' id='word_1_6' title='bbox 302 417 439 503; x_wconf 91' lang='lat' dir='ltr'>datum,</span> <span class='ocrx_word' id='word_1_7' title='bbox 449 420 569 515; x_wconf 85' lang='lat' dir='ltr'><strong>puppis</strong></span> <span class='ocrx_word' id='word_1_8' title='bbox 581 416 643 495; x_wconf 78' lang='lat' dir='ltr'>ferr</span> <span class='ocrx_word' id='word_1_9' title='bbox 655 422 699 495; x_wconf 88' lang='lat' dir='ltr'>ad</span> <span class='ocrx_word' id='word_1_10' title='bbox 708 420 839 514; x_wconf 84' lang='lat' dir='ltr'>fastigia</span> <span class='ocrx_word' id='word_1_11' title='bbox 854 424 1003 512; x_wconf 86' lang='lat' dir='ltr'>Regem.</span> 
     </span>
    </p>

    <p class='ocr_par' dir='ltr' id='par_1_3' title="bbox 193 510 981 592">
     <span class='ocr_line' id='line_1_3' title="bbox 193 510 981 592; baseline 0.005 -13"><span class='ocrx_word' id='word_1_12' title='bbox 193 572 198 579; x_wconf 90' lang='lat'>.</span> <span class='ocrx_word' id='word_1_13' title='bbox 215 510 328 585; x_wconf 84' lang='lat' dir='ltr'>Mensa</span> <span class='ocrx_word' id='word_1_14' title='bbox 340 513 387 585; x_wconf 93' lang='lat' dir='ltr'>ibi</span> <span class='ocrx_word' id='word_1_15' title='bbox 396 514 439 587; x_wconf 90' lang='lat' dir='ltr'>de</span> <span class='ocrx_word' id='word_1_16' title='bbox 447 516 565 586; x_wconf 85' lang='lat' dir='ltr'>Batavi</span> <span class='ocrx_word' id='word_1_17' title='bbox 576 516 726 592; x_wconf 86' lang='lat' dir='ltr'>mantilis</span> <span class='ocrx_word' id='word_1_18' title='bbox 740 514 885 587; x_wconf 88' lang='lat' dir='ltr'>candida</span> <span class='ocrx_word' id='word_1_19' title='bbox 896 513 981 584; x_wconf 79' lang='lat' dir='ltr'>rino:</span> 
     </span>
    </p>

    <p class='ocr_par' dir='ltr' id='par_1_4' title="bbox 214 601 1083 702">
     <span class='ocr_line' id='line_1_4' title="bbox 214 601 1083 702; baseline 0.005 -29"><span class='ocrx_word' id='word_1_20' title='bbox 214 608 256 675; x_wconf 89' lang='lat' dir='ltr'>In</span> <span class='ocrx_word' id='word_1_21' title='bbox 267 626 447 700; x_wconf 87' lang='lat' dir='ltr'>promptu,</span> <span class='ocrx_word' id='word_1_22' title='bbox 461 602 672 702; x_wconf 79' lang='lat' dir='ltr'>mensamque</span> <span class='ocrx_word' id='word_1_23' title='bbox 683 604 776 699; x_wconf 88' lang='lat' dir='ltr'>super</span> <span class='ocrx_word' id='word_1_24' title='bbox 785 606 971 702; x_wconf 88' lang='lat' dir='ltr'>crystallina</span> <span class='ocrx_word' id='word_1_25' title='bbox 985 601 1083 686; x_wconf 85' lang='lat' dir='ltr'>vala,</span> 
     </span>
    </p>

    <p class='ocr_par' dir='ltr' id='par_1_5' title="bbox 165 697 1013 793">
     <span class='ocr_line' id='line_1_5' title="bbox 165 697 1013 793; baseline 0 -26"><span class='ocrx_word' id='word_1_26' title='bbox 165 748 169 757; x_wconf 71' lang='grc'><strong>.</strong></span> <span class='ocrx_word' id='word_1_27' title='bbox 214 697 308 768; x_wconf 86' lang='lat' dir='ltr'>Artis</span> <span class='ocrx_word' id='word_1_28' title='bbox 319 721 404 793; x_wconf 88' lang='lat' dir='ltr'>opus</span> <span class='ocrx_word' id='word_1_29' title='bbox 415 706 547 771; x_wconf 85' lang='lat' dir='ltr'>Venetae</span> <span class='ocrx_word' id='word_1_30' title='bbox 564 698 767 774; x_wconf 86' lang='lat' dir='ltr'>:faciesnon</span> <span class='ocrx_word' id='word_1_31' title='bbox 780 699 935 771; x_wconf 86' lang='lat' dir='ltr'>omuibus</span> <span class='ocrx_word' id='word_1_32' title='bbox 947 721 1013 768; x_wconf 87' lang='lat' dir='ltr'>una</span> 
     </span>
    </p>

    <p class='ocr_par' dir='ltr' id='par_1_6' title="bbox 215 788 1066 885">
     <span class='ocr_line' id='line_1_6' title="bbox 215 788 1066 885; baseline 0.001 -25"><span class='ocrx_word' id='word_1_33' title='bbox 215 791 272 860; x_wconf 90' lang='lat' dir='ltr'>Est</span> <span class='ocrx_word' id='word_1_34' title='bbox 284 792 425 882; x_wconf 88' lang='lat' dir='ltr'>pateris,</span> <span class='ocrx_word' id='word_1_35' title='bbox 438 789 538 864; x_wconf 83' lang='lat' dir='ltr'>niveae</span> <span class='ocrx_word' id='word_1_36' title='bbox 548 789 686 885; x_wconf 86' lang='lat' dir='ltr'>speciem</span> <span class='ocrx_word' id='word_1_37' title='bbox 699 792 787 883; x_wconf 86' lang='lat' dir='ltr'>gerit</span> <span class='ocrx_word' id='word_1_38' title='bbox 795 796 897 863; x_wconf 86' lang='lat' dir='ltr'>altera</span> <span class='ocrx_word' id='word_1_39' title='bbox 908 788 1040 861; x_wconf 75' lang='lat' dir='ltr'>concha</span> <span class='ocrx_word' id='word_1_40' title='bbox 1052 837 1066 870; x_wconf 88' lang='lat'>‚</span> 
     </span>
    </p>

    <p class='ocr_par' dir='ltr' id='par_1_7' title="bbox 213 884 980 976">
     <span class='ocr_line' id='line_1_7' title="bbox 213 884 980 976; baseline 0.003 -25"><span class='ocrx_word' id='word_1_41' title='bbox 213 886 328 955; x_wconf 78' lang='lat' dir='ltr'>Altera</span> <span class='ocrx_word' id='word_1_42' title='bbox 338 887 493 956; x_wconf 77' lang='lat' dir='ltr'>navicula</span> <span class='ocrx_word' id='word_1_43' title='bbox 505 885 688 956; x_wconf 84' lang='lat' dir='ltr'>fimulautis</span> <span class='ocrx_word' id='word_1_44' title='bbox 699 907 775 957; x_wconf 86' lang='lat' dir='ltr'>nare</span> <span class='ocrx_word' id='word_1_45' title='bbox 786 884 980 976; x_wconf 87' lang='lat' dir='ltr'>petundas,</span> 
     </span>
    </p>

    <p class='ocr_par' dir='ltr' id='par_1_8' title="bbox 214 973 1143 1072">
     <span class='ocr_line' id='line_1_8' title="bbox 214 973 1143 1072; baseline 0 -29"><span class='ocrx_word' id='word_1_46' title='bbox 214 975 412 1049; x_wconf 78' lang='lat' dir='ltr'>consortem</span> <span class='ocrx_word' id='word_1_47' title='bbox 422 999 483 1049; x_wconf 90' lang='lat' dir='ltr'>uec</span> <span class='ocrx_word' id='word_1_48' title='bbox 493 976 636 1047; x_wconf 87' lang='lat' dir='ltr'>amantis</span> <span class='ocrx_word' id='word_1_49' title='bbox 646 973 956 1072; x_wconf 81' lang='lat' dir='ltr'>aquam,srsetviat</span> <span class='ocrx_word' id='word_1_50' title='bbox 966 973 1064 1047; x_wconf 84' lang='lat' dir='ltr'>uvis.</span> <span class='ocrx_word' id='word_1_51' title='bbox 1139 990 1143 995; x_wconf 89' lang='grc'><em>·</em></span> 
     </span>
    </p>

    <p class='ocr_par' dir='ltr' id='par_1_9' title="bbox 213 1067 1073 1149">
     <span class='ocr_line' id='line_1_9' title="bbox 213 1067 1073 1149; baseline 0 -13"><span class='ocrx_word' id='word_1_52' title='bbox 213 1068 287 1139; x_wconf 89' lang='lat' dir='ltr'>Nec</span> <span class='ocrx_word' id='word_1_53' title='bbox 297 1071 390 1140; x_wconf 86' lang='lat' dir='ltr'>color</span> <span class='ocrx_word' id='word_1_54' title='bbox 402 1071 447 1141; x_wconf 90' lang='lat' dir='ltr'>est</span> <span class='ocrx_word' id='word_1_55' title='bbox 458 1069 548 1140; x_wconf 88' lang='lat' dir='ltr'>idem</span> <span class='ocrx_word' id='word_1_56' title='bbox 562 1069 661 1141; x_wconf 83' lang='lat' dir='ltr'>variis</span> <span class='ocrx_word' id='word_1_57' title='bbox 672 1099 681 1140; x_wconf 76' lang='lat' dir='ltr'>r</span> <span class='ocrx_word' id='word_1_58' title='bbox 694 1069 777 1141; x_wconf 87' lang='lat' dir='ltr'>viret</span> <span class='ocrx_word' id='word_1_59' title='bbox 788 1071 874 1149; x_wconf 85' lang='lat' dir='ltr'>haec,</span> <span class='ocrx_word' id='word_1_60' title='bbox 888 1069 984 1141; x_wconf 89' lang='lat' dir='ltr'>rubet</span> <span class='ocrx_word' id='word_1_61' title='bbox 993 1067 1073 1148; x_wconf 90' lang='lat' dir='ltr'>illa,</span> 
     </span>
    </p>

    <p class='ocr_par' dir='ltr' id='par_1_10' title="bbox 213 1159 1121 1243">
     <span class='ocr_line' id='line_1_10' title="bbox 213 1159 1121 1243; baseline 0.007 -13"><span class='ocrx_word' id='word_1_62' title='bbox 213 1160 305 1232; x_wconf 87' lang='lat' dir='ltr'>Huic</span> <span class='ocrx_word' id='word_1_63' title='bbox 319 1162 461 1236; x_wconf 77' lang='lat' dir='ltr'>horrori</span> <span class='ocrx_word' id='word_1_64' title='bbox 473 1159 564 1233; x_wconf 89' lang='lat' dir='ltr'>roseo</span> <span class='ocrx_word' id='word_1_65' title='bbox 576 1163 688 1236; x_wconf 86' lang='lat' dir='ltr'>decori</span> <span class='ocrx_word' id='word_1_66' title='bbox 700 1162 744 1233; x_wconf 88' lang='lat' dir='ltr'>est</span> <span class='ocrx_word' id='word_1_67' title='bbox 757 1210 768 1243; x_wconf 88' lang='lat'>,</span> <span class='ocrx_word' id='word_1_68' title='bbox 784 1161 1034 1235; x_wconf 88' lang='lat' dir='ltr'>amaranthinus</span> <span class='ocrx_word' id='word_1_69' title='bbox 1046 1161 1094 1234; x_wconf 92' lang='lat' dir='ltr'>illi</span> <span class='ocrx_word' id='word_1_70' title='bbox 1108 1213 1121 1236; x_wconf 89' lang='lat'><strong>.</strong></span> 
     </span>
    </p>

    <p class='ocr_par' dir='ltr' id='par_1_11' title="bbox 213 1251 1022 1350">
     <span class='ocr_line' id='line_1_11' title="bbox 213 1251 1022 1350; baseline -0.002 -27"><span class='ocrx_word' id='word_1_71' title='bbox 213 1256 346 1327; x_wconf 65' lang='lat' dir='ltr'>Cunila</span> <span class='ocrx_word' id='word_1_72' title='bbox 357 1254 495 1350; x_wconf 85' lang='lat' dir='ltr'>quidem</span> <span class='ocrx_word' id='word_1_73' title='bbox 505 1254 631 1328; x_wconf 84' lang='lat' dir='ltr'>diuersa</span> <span class='ocrx_word' id='word_1_74' title='bbox 642 1306 652 1337; x_wconf 85' lang='lat'>,</span> <span class='ocrx_word' id='word_1_75' title='bbox 662 1253 727 1327; x_wconf 84' lang='lat' dir='ltr'>suis</span> <span class='ocrx_word' id='word_1_76' title='bbox 738 1259 787 1326; x_wconf 91' lang='lat' dir='ltr'>vel</span> <span class='ocrx_word' id='word_1_77' title='bbox 799 1253 902 1346; x_wconf 87' lang='lat' dir='ltr'>digna</span> <span class='ocrx_word' id='word_1_78' title='bbox 917 1251 1022 1325; x_wconf 84' lang='lat' dir='ltr'>videri</span> 
     </span>
    </p>

    <p class='ocr_par' dir='ltr' id='par_1_12' title="bbox 213 1342 1068 1442">
     <span class='ocr_line' id='line_1_12' title="bbox 213 1342 1068 1442; baseline -0.001 -25"><span class='ocrx_word' id='word_1_79' title='bbox 213 1347 300 1420; x_wconf 88' lang='lat' dir='ltr'>Mira</span> <span class='ocrx_word' id='word_1_80' title='bbox 311 1348 415 1423; x_wconf 83' lang='lat' dir='ltr'>etiam</span> <span class='ocrx_word' id='word_1_81' title='bbox 428 1347 575 1421; x_wconf 88' lang='lat' dir='ltr'>dominis</span> <span class='ocrx_word' id='word_1_82' title='bbox 589 1400 597 1429; x_wconf 90' lang='lat'>,</span> <span class='ocrx_word' id='word_1_83' title='bbox 611 1349 633 1420; x_wconf 87' lang='lat' dir='ltr'>fi</span> <span class='ocrx_word' id='word_1_84' title='bbox 646 1373 714 1420; x_wconf 88' lang='lat' dir='ltr'>non</span> <span class='ocrx_word' id='word_1_85' title='bbox 726 1356 759 1418; x_wconf 90' lang='lat'>&amp;</span> <span class='ocrx_word' id='word_1_86' title='bbox 774 1347 928 1442; x_wconf 87' lang='lat' dir='ltr'>proxima</span> <span class='ocrx_word' id='word_1_87' title='bbox 937 1342 1068 1437; x_wconf 83' lang='lat' dir='ltr'>frangi.</span> 
     </span>
    </p>

    <p class='ocr_par' dir='ltr' id='par_1_13' title="bbox 211 1439 1008 1519">
     <span class='ocr_line' id='line_1_13' title="bbox 211 1439 1008 1519; baseline -0.005 -8"><span class='ocrx_word' id='word_1_88' title='bbox 211 1441 280 1512; x_wconf 84' lang='lat' dir='ltr'>Lex</span> <span class='ocrx_word' id='word_1_89' title='bbox 293 1463 332 1512; x_wconf 90' lang='lat' dir='ltr'>ea</span> <span class='ocrx_word' id='word_1_90' title='bbox 342 1439 496 1513; x_wconf 87' lang='lat' dir='ltr'>formulis</span> <span class='ocrx_word' id='word_1_91' title='bbox 508 1442 568 1513; x_wconf 85' lang='lat' dir='ltr'>ceti</span> <span class='ocrx_word' id='word_1_92' title='bbox 582 1446 650 1513; x_wconf 88' lang='lat' dir='ltr'>lata</span> <span class='ocrx_word' id='word_1_93' title='bbox 664 1442 703 1512; x_wconf 84' lang='lat' dir='ltr'>fit</span> <span class='ocrx_word' id='word_1_94' title='bbox 716 1439 873 1513; x_wconf 88' lang='lat' dir='ltr'>omuibus</span> <span class='ocrx_word' id='word_1_95' title='bbox 886 1488 896 1519; x_wconf 90' lang='lat'>,</span> <span class='ocrx_word' id='word_1_96' title='bbox 909 1459 1008 1511; x_wconf 88' lang='lat' dir='ltr'>utres</span> 
     </span>
    </p>

    <p class='ocr_par' dir='ltr' id='par_1_14' title="bbox 212 1531 1111 1627">
     <span class='ocr_line' id='line_1_14' title="bbox 212 1531 1111 1627; baseline 0 -25"><span class='ocrx_word' id='word_1_97' title='bbox 212 1533 355 1607; x_wconf 84' lang='lat' dir='ltr'>Pulchra</span> <span class='ocrx_word' id='word_1_98' title='bbox 368 1535 453 1606; x_wconf 88' lang='lat' dir='ltr'>lirin</span> <span class='ocrx_word' id='word_1_99' title='bbox 465 1531 596 1626; x_wconf 82' lang='lat' dir='ltr'>fragili,</span> <span class='ocrx_word' id='word_1_100' title='bbox 612 1538 762 1627; x_wconf 85' lang='lat' dir='ltr'>placeat,</span> <span class='ocrx_word' id='word_1_101' title='bbox 771 1533 952 1624; x_wconf 82' lang='lat' dir='ltr'>jubeatque</span> <span class='ocrx_word' id='word_1_102' title='bbox 968 1532 1111 1605; x_wconf 87' lang='lat' dir='ltr'>timere.</span> 
     </span>
    </p>

    <p class='ocr_par' dir='ltr' id='par_1_15' title="bbox 213 1623 1172 1722">
     <span class='ocr_line' id='line_1_15' title="bbox 213 1623 1172 1722; baseline 0 -27"><span class='ocrx_word' id='word_1_103' title='bbox 213 1631 299 1722; x_wconf 84' lang='lat' dir='ltr'>Qae</span> <span class='ocrx_word' id='word_1_104' title='bbox 312 1626 404 1699; x_wconf 86' lang='lat' dir='ltr'>fimul</span> <span class='ocrx_word' id='word_1_105' title='bbox 414 1628 599 1718; x_wconf 67' lang='lat' dir='ltr'>‚Aruiragus</span> <span class='ocrx_word' id='word_1_106' title='bbox 611 1628 755 1720; x_wconf 78' lang='lat' dir='ltr'>primum</span> <span class='ocrx_word' id='word_1_107' title='bbox 770 1625 870 1704; x_wconf 88' lang='lat' dir='ltr'>videt,</span> <span class='ocrx_word' id='word_1_108' title='bbox 884 1623 1003 1715; x_wconf 69' lang='lat' dir='ltr'>utpote*</span> <span class='ocrx_word' id='word_1_109' title='bbox 1019 1623 1172 1700; x_wconf 81' lang='lat' dir='ltr'>noudum</span> 
     </span>
    </p>

    <p class='ocr_par' dir='ltr' id='par_1_16' title="bbox 212 1713 995 1812">
     <span class='ocr_line' id='line_1_16' title="bbox 212 1713 995 1812; baseline -0.005 -21"><span class='ocrx_word' id='word_1_110' title='bbox 212 1723 363 1793; x_wconf 68' lang='lat' dir='ltr'>Euodus</span> <span class='ocrx_word' id='word_1_111' title='bbox 373 1773 383 1802; x_wconf 87' lang='lat'>‚</span> <span class='ocrx_word' id='word_1_112' title='bbox 395 1722 503 1812; x_wconf 88' lang='lat' dir='ltr'>liquor</span> <span class='ocrx_word' id='word_1_113' title='bbox 514 1722 657 1810; x_wconf 86' lang='lat' dir='ltr'>Alpinus</span> <span class='ocrx_word' id='word_1_114' title='bbox 668 1717 752 1812; x_wconf 89' lang='lat' dir='ltr'>quid</span> <span class='ocrx_word' id='word_1_115' title='bbox 763 1713 884 1810; x_wconf 86' lang='lat' dir='ltr'>frigore</span> <span class='ocrx_word' id='word_1_116' title='bbox 899 1715 995 1789; x_wconf 86' lang='lat' dir='ltr'>fabro</span> 
     </span>
    </p>

    <p class='ocr_par' dir='ltr' id='par_1_17' title="bbox 212 1810 1019 1906">
     <span class='ocr_line' id='line_1_17' title="bbox 212 1810 1019 1906; baseline -0.006 -22"><span class='ocrx_word' id='word_1_117' title='bbox 212 1813 365 1894; x_wconf 81' lang='lat' dir='ltr'>Audeat,</span> <span class='ocrx_word' id='word_1_118' title='bbox 376 1813 410 1883; x_wconf 90' lang='lat' dir='ltr'>in</span> <span class='ocrx_word' id='word_1_119' title='bbox 419 1816 533 1906; x_wconf 89' lang='lat' dir='ltr'>quales</span> <span class='ocrx_word' id='word_1_120' title='bbox 543 1810 667 1884; x_wconf 86' lang='lat' dir='ltr'>formas</span> <span class='ocrx_word' id='word_1_121' title='bbox 679 1860 689 1891; x_wconf 85' lang='lat'>,</span> <span class='ocrx_word' id='word_1_122' title='bbox 702 1811 877 1904; x_wconf 78' lang='lat' dir='ltr'>qualesque</span> <span class='ocrx_word' id='word_1_123' title='bbox 890 1815 1019 1882; x_wconf 85' lang='lat' dir='ltr'>colores</span> 
     </span>
    </p>

    <p class='ocr_par' dir='ltr' id='par_1_18' title="bbox 212 1900 1056 1997">
     <span class='ocr_line' id='line_1_18' title="bbox 212 1900 1056 1997; baseline -0.002 -21"><span class='ocrx_word' id='word_1_124' title='bbox 212 1908 316 1976; x_wconf 88' lang='lat' dir='ltr'>Molle</span> <span class='ocrx_word' id='word_1_125' title='bbox 326 1910 402 1997; x_wconf 86' lang='lat' dir='ltr'>gelu</span> <span class='ocrx_word' id='word_1_126' title='bbox 415 1911 560 1976; x_wconf 88' lang='lat' dir='ltr'>Venetus</span> <span class='ocrx_word' id='word_1_127' title='bbox 569 1929 650 1976; x_wconf 84' lang='lat' dir='ltr'>mox</span> <span class='ocrx_word' id='word_1_128' title='bbox 661 1906 780 1975; x_wconf 89' lang='lat' dir='ltr'>induat</span> <span class='ocrx_word' id='word_1_129' title='bbox 792 1903 866 1995; x_wconf 84' lang='lat' dir='ltr'>igue</span> <span class='ocrx_word' id='word_1_130' title='bbox 878 1900 1028 1974; x_wconf 87' lang='lat' dir='ltr'>ministro</span> <span class='ocrx_word' id='word_1_131' title='bbox 1043 1951 1056 1986; x_wconf 86' lang='lat'>,</span> 
     </span>
    </p>

    <p class='ocr_par' dir='ltr' id='par_1_19' title="bbox 210 1995 1012 2086">
     <span class='ocr_line' id='line_1_19' title="bbox 210 1995 1012 2086; baseline -0.002 -17"><span class='ocrx_word' id='word_1_132' title='bbox 210 1996 496 2069; x_wconf 87' lang='lat' dir='ltr'>Multicoloratam</span> <span class='ocrx_word' id='word_1_133' title='bbox 506 1997 648 2086; x_wconf 77' lang='lat' dir='ltr'>glaciem</span> <span class='ocrx_word' id='word_1_134' title='bbox 660 1995 823 2074; x_wconf 83' lang='lat' dir='ltr'>miratus,</span> <span class='ocrx_word' id='word_1_135' title='bbox 840 2003 873 2067; x_wconf 72' lang='grc' dir='ltr'>δι</span> <span class='ocrx_word' id='word_1_136' title='bbox 884 2015 1012 2076; x_wconf 86' lang='lat' dir='ltr'>artem,</span> 
     </span>
    </p>

    <p class='ocr_par' dir='ltr' id='par_1_20' title="bbox 210 2087 906 2181">
     <span class='ocr_line' id='line_1_20' title="bbox 210 2087 906 2181; baseline 0.001 -21"><span class='ocrx_word' id='word_1_137' title='bbox 210 2087 280 2161; x_wconf 78' lang='lat' dir='ltr'>Ell&#39;e</span> <span class='ocrx_word' id='word_1_138' title='bbox 290 2107 390 2181; x_wconf 86' lang='lat' dir='ltr'>putat</span> <span class='ocrx_word' id='word_1_139' title='bbox 402 2109 552 2177; x_wconf 89' lang='lat' dir='ltr'>gemmas</span> <span class='ocrx_word' id='word_1_140' title='bbox 565 2087 625 2158; x_wconf 86' lang='lat' dir='ltr'>fufi</span> <span class='ocrx_word' id='word_1_141' title='bbox 637 2093 795 2161; x_wconf 86' lang='lat' dir='ltr'>miracula</span> <span class='ocrx_word' id='word_1_142' title='bbox 810 2091 906 2170; x_wconf 90' lang='lat' dir='ltr'>vitri,</span> 
     </span>
    </p>

    <p class='ocr_par' dir='ltr' id='par_1_21' title="bbox 210 2180 929 2272">
     <span class='ocr_line' id='line_1_21' title="bbox 210 2180 929 2272; baseline -0.003 -18"><span class='ocrx_word' id='word_1_143' title='bbox 210 2180 366 2254; x_wconf 86' lang='lat' dir='ltr'>Gemmis</span> <span class='ocrx_word' id='word_1_144' title='bbox 378 2181 452 2253; x_wconf 93' lang='lat' dir='ltr'>imo</span> <span class='ocrx_word' id='word_1_145' title='bbox 463 2182 524 2253; x_wconf 88' lang='lat' dir='ltr'>suis</span> <span class='ocrx_word' id='word_1_146' title='bbox 537 2183 639 2272; x_wconf 81' lang='lat' dir='ltr'>longe</span> <span class='ocrx_word' id='word_1_147' title='bbox 649 2185 777 2270; x_wconf 82' lang='lat' dir='ltr'>majora</span> <span class='ocrx_word' id='word_1_148' title='bbox 787 2180 909 2255; x_wconf 85' lang='lat' dir='ltr'>fatetur</span> <span class='ocrx_word' id='word_1_149' title='bbox 920 2230 929 2252; x_wconf 90' lang='lat'><strong>.</strong></span> 
     </span>
    </p>

    <p class='ocr_par' dir='ltr' id='par_1_22' title="bbox 210 2272 982 2370">
     <span class='ocr_line' id='line_1_22' title="bbox 210 2272 982 2370; baseline -0.001 -24"><span class='ocrx_word' id='word_1_150' title='bbox 210 2276 262 2346; x_wconf 88' lang='lat' dir='ltr'>Sic</span> <span class='ocrx_word' id='word_1_151' title='bbox 278 2272 433 2369; x_wconf 87' lang='lat' dir='ltr'>postferte</span> <span class='ocrx_word' id='word_1_152' title='bbox 444 2298 524 2366; x_wconf 90' lang='lat' dir='ltr'>puer</span> <span class='ocrx_word' id='word_1_153' title='bbox 536 2273 678 2366; x_wconf 87' lang='lat' dir='ltr'>pretiosa</span> <span class='ocrx_word' id='word_1_154' title='bbox 688 2275 865 2365; x_wconf 76' lang='lat' dir='ltr'>crepundia</span> <span class='ocrx_word' id='word_1_155' title='bbox 878 2296 982 2370; x_wconf 89' lang='lat' dir='ltr'>pomo</span> 
     </span>
    </p>

    <p class='ocr_par' dir='ltr' id='par_1_23' title="bbox 210 2366 1118 2464">
     <span class='ocr_line' id='line_1_23' title="bbox 210 2366 1118 2464; baseline -0.001 -24"><span class='ocrx_word' id='word_1_156' title='bbox 210 2375 298 2464; x_wconf 79' lang='lat' dir='ltr'>Saepe</span> <span class='ocrx_word' id='word_1_157' title='bbox 312 2366 413 2448; x_wconf 86' lang='lat' dir='ltr'>solet,</span> <span class='ocrx_word' id='word_1_158' title='bbox 428 2387 515 2440; x_wconf 89' lang='lat' dir='ltr'>tenet</span> <span class='ocrx_word' id='word_1_159' title='bbox 527 2368 593 2439; x_wconf 91' lang='lat' dir='ltr'>hoc</span> <span class='ocrx_word' id='word_1_160' title='bbox 605 2421 614 2449; x_wconf 89' lang='lat'>,</span> <span class='ocrx_word' id='word_1_161' title='bbox 624 2368 795 2440; x_wconf 85' lang='lat' dir='ltr'>blanditur</span> <span class='ocrx_word' id='word_1_162' title='bbox 805 2417 815 2447; x_wconf 90' lang='lat'>‚</span> <span class='ocrx_word' id='word_1_163' title='bbox 827 2377 858 2438; x_wconf 74' lang='grc' dir='ltr'>δι</span> <span class='ocrx_word' id='word_1_164' title='bbox 868 2370 1033 2441; x_wconf 87' lang='lat' dir='ltr'>admovet</span> <span class='ocrx_word' id='word_1_165' title='bbox 1044 2366 1118 2442; x_wconf 72' lang='lat' dir='ltr'>orie</span> 
     </span>
    </p>

    <p class='ocr_par' dir='ltr' id='par_1_24' title="bbox 211 2456 1131 2556">
     <span class='ocr_line' id='line_1_24' title="bbox 211 2456 1131 2556; baseline 0.002 -24"><span class='ocrx_word' id='word_1_166' title='bbox 211 2463 386 2556; x_wconf 82' lang='lat' dir='ltr'>Qodque</span> <span class='ocrx_word' id='word_1_167' title='bbox 397 2460 513 2556; x_wconf 89' lang='lat' dir='ltr'>nequit</span> <span class='ocrx_word' id='word_1_168' title='bbox 525 2461 695 2540; x_wconf 88' lang='lat' dir='ltr'>mordere,</span> <span class='ocrx_word' id='word_1_169' title='bbox 707 2456 787 2552; x_wconf 76' lang='lat' dir='ltr'>guli</span> <span class='ocrx_word' id='word_1_170' title='bbox 797 2462 969 2533; x_wconf 80' lang='lat' dir='ltr'>collaudat</span> <span class='ocrx_word' id='word_1_171' title='bbox 982 2461 1104 2536; x_wconf 87' lang='lat' dir='ltr'>inermi</span> <span class='ocrx_word' id='word_1_172' title='bbox 1119 2509 1131 2543; x_wconf 89' lang='lat'><strong>,</strong></span> 
     </span>
    </p>

    <p class='ocr_par' dir='ltr' id='par_1_25' title="bbox 209 2549 1173 2741">
     <span class='ocr_line' id='line_1_25' title="bbox 209 2549 1036 2649; baseline -0.001 -24"><span class='ocrx_word' id='word_1_173' title='bbox 209 2550 546 2649; x_wconf 85' lang='lat' dir='ltr'>Divitiasqueputat,</span> <span class='ocrx_word' id='word_1_174' title='bbox 562 2549 764 2646; x_wconf 86' lang='lat' dir='ltr'>foelix,quia</span> <span class='ocrx_word' id='word_1_175' title='bbox 777 2554 877 2625; x_wconf 87' lang='lat' dir='ltr'>nescit</span> <span class='ocrx_word' id='word_1_176' title='bbox 890 2576 1003 2625; x_wconf 90' lang='lat' dir='ltr'>amare</span> <span class='ocrx_word' id='word_1_177' title='bbox 1026 2604 1036 2625; x_wconf 91' lang='lat'><strong>.</strong></span> 
     </span>
     <span class='ocr_line' id='line_1_26' title="bbox 255 2645 1173 2741; baseline 0 -23"><span class='ocrx_word' id='word_1_178' title='bbox 255 2649 407 2720; x_wconf 85' lang='lat' dir='ltr'>Tuncita</span> <span class='ocrx_word' id='word_1_179' title='bbox 420 2647 623 2721; x_wconf 82' lang='lat' dir='ltr'>Columbus:</span> <span class='ocrx_word' id='word_1_180' title='bbox 636 2650 708 2718; x_wconf 85' lang='lat' dir='ltr'>Rex</span> <span class='ocrx_word' id='word_1_181' title='bbox 719 2645 956 2739; x_wconf 81' lang='lat' dir='ltr'>praclariffime</span> <span class='ocrx_word' id='word_1_182' title='bbox 972 2696 983 2727; x_wconf 89' lang='lat'>,</span> <span class='ocrx_word' id='word_1_183' title='bbox 1002 2649 1173 2741; x_wconf 78' lang='lat' dir='ltr'>quantiam</span> 
     </span>
    </p>

    <p class='ocr_par' dir='ltr' id='par_1_26' title="bbox 209 2739 982 2833">
     <span class='ocr_line' id='line_1_27' title="bbox 209 2739 982 2833; baseline 0 -23"><span class='ocrx_word' id='word_1_184' title='bbox 209 2739 388 2828; x_wconf 84' lang='lat' dir='ltr'>Coujicio,</span> <span class='ocrx_word' id='word_1_185' title='bbox 408 2760 538 2833; x_wconf 89' lang='lat' dir='ltr'>pateras</span> <span class='ocrx_word' id='word_1_186' title='bbox 552 2741 669 2812; x_wconf 89' lang='lat' dir='ltr'>landas</span> <span class='ocrx_word' id='word_1_187' title='bbox 681 2742 819 2811; x_wconf 83' lang='lat' dir='ltr'>Oriente</span> <span class='ocrx_word' id='word_1_188' title='bbox 830 2759 982 2821; x_wconf 81' lang='lat' dir='ltr'>creatas3</span> 
     </span>
    </p>

    <p class='ocr_par' dir='ltr' id='par_1_27' title="bbox 209 2832 1096 2925">
     <span class='ocr_line' id='line_1_28' title="bbox 209 2832 1096 2925; baseline 0.006 -22"><span class='ocrx_word' id='word_1_189' title='bbox 209 2835 272 2903; x_wconf 89' lang='lat' dir='ltr'>Sed</span> <span class='ocrx_word' id='word_1_190' title='bbox 285 2834 420 2906; x_wconf 85' lang='lat' dir='ltr'>laudate</span> <span class='ocrx_word' id='word_1_191' title='bbox 431 2856 549 2924; x_wconf 88' lang='lat' dir='ltr'>parum</span> <span class='ocrx_word' id='word_1_192' title='bbox 563 2836 628 2912; x_wconf 87' lang='lat' dir='ltr'>est,</span> <span class='ocrx_word' id='word_1_193' title='bbox 643 2832 700 2902; x_wconf 85' lang='lat' dir='ltr'>nifi</span> <span class='ocrx_word' id='word_1_194' title='bbox 712 2853 815 2925; x_wconf 89' lang='lat' dir='ltr'>quam</span> <span class='ocrx_word' id='word_1_195' title='bbox 827 2834 968 2904; x_wconf 76' lang='lat' dir='ltr'>libamus</span> <span class='ocrx_word' id='word_1_196' title='bbox 978 2833 1014 2905; x_wconf 91' lang='lat' dir='ltr'>in</span> <span class='ocrx_word' id='word_1_197' title='bbox 1027 2835 1096 2910; x_wconf 75' lang='lat' dir='ltr'>ilie</span> 
     </span>
    </p>

    <p class='ocr_par' dir='ltr' id='par_1_28' title="bbox 208 2925 1026 3018">
     <span class='ocr_line' id='line_1_29' title="bbox 208 2925 1026 3018; baseline 0 -21"><span class='ocrx_word' id='word_1_198' title='bbox 208 2930 298 2997; x_wconf 79' lang='lat' dir='ltr'>Inter</span> <span class='ocrx_word' id='word_1_199' title='bbox 306 2926 561 3017; x_wconf 88' lang='lat' dir='ltr'>prandendum,</span> <span class='ocrx_word' id='word_1_200' title='bbox 581 2925 700 3018; x_wconf 87' lang='lat' dir='ltr'>pariter</span> <span class='ocrx_word' id='word_1_201' title='bbox 712 2926 867 2996; x_wconf 82' lang='lat' dir='ltr'>libaveris</span> <span class='ocrx_word' id='word_1_202' title='bbox 877 2925 1026 2998; x_wconf 81' lang='lat' dir='ltr'>undam.</span> 
     </span>
    </p>

    <p class='ocr_par' dir='ltr' id='par_1_29' title="bbox 208 3015 1173 3115">
     <span class='ocr_line' id='line_1_30' title="bbox 208 3015 1173 3115; baseline 0.007 -29"><span class='ocrx_word' id='word_1_203' title='bbox 208 3018 314 3089; x_wconf 88' lang='lat' dir='ltr'>Unda</span> <span class='ocrx_word' id='word_1_204' title='bbox 326 3040 387 3088; x_wconf 84' lang='lat' dir='ltr'>nec</span> <span class='ocrx_word' id='word_1_205' title='bbox 400 3019 461 3090; x_wconf 89' lang='lat' dir='ltr'>ista</span> <span class='ocrx_word' id='word_1_206' title='bbox 475 3023 550 3091; x_wconf 89' lang='lat' dir='ltr'>lacu</span> <span class='ocrx_word' id='word_1_207' title='bbox 564 3019 675 3096; x_wconf 89' lang='lat' dir='ltr'>venit,</span> <span class='ocrx_word' id='word_1_208' title='bbox 697 3038 756 3089; x_wconf 91' lang='lat' dir='ltr'>aut</span> <span class='ocrx_word' id='word_1_209' title='bbox 769 3019 810 3089; x_wconf 88' lang='lat' dir='ltr'>de</span> <span class='ocrx_word' id='word_1_210' title='bbox 821 3019 978 3103; x_wconf 87' lang='lat' dir='ltr'>flumine,</span> <span class='ocrx_word' id='word_1_211' title='bbox 998 3015 1055 3091; x_wconf 87' lang='lat' dir='ltr'>sed</span> <span class='ocrx_word' id='word_1_212' title='bbox 1071 3040 1173 3115; x_wconf 86' lang='lat' dir='ltr'>quam</span> 
     </span>
    </p>

    <p class='ocr_par' dir='ltr' id='par_1_30' title="bbox 209 3110 1089 3202">
     <span class='ocr_line' id='line_1_31' title="bbox 209 3110 1089 3202; baseline 0.011 -24"><span class='ocrx_word' id='word_1_213' title='bbox 209 3110 379 3198; x_wconf 86' lang='lat' dir='ltr'>Exprimit</span> <span class='ocrx_word' id='word_1_214' title='bbox 389 3115 601 3192; x_wconf 78' lang='lat' dir='ltr'>AutumnuS,</span> <span class='ocrx_word' id='word_1_215' title='bbox 616 3111 795 3202; x_wconf 88' lang='lat' dir='ltr'>vinumque</span> <span class='ocrx_word' id='word_1_216' title='bbox 807 3134 967 3186; x_wconf 86' lang='lat' dir='ltr'>vocamus</span> <span class='ocrx_word' id='word_1_217' title='bbox 978 3113 1089 3196; x_wconf 67' lang='lat' dir='ltr'>Iberia</span> 
     </span>
    </p>

    <p class='ocr_par' dir='ltr' id='par_1_31' title="bbox 207 3201 913 3290">
     <span class='ocr_line' id='line_1_32' title="bbox 207 3201 913 3290; baseline 0.013 -20"><span class='ocrx_word' id='word_1_218' title='bbox 207 3202 251 3270; x_wconf 84' lang='lat' dir='ltr'>Et</span> <span class='ocrx_word' id='word_1_219' title='bbox 263 3201 344 3290; x_wconf 91' lang='lat' dir='ltr'>quia</span> <span class='ocrx_word' id='word_1_220' title='bbox 356 3204 507 3275; x_wconf 80' lang='lat' dir='ltr'>Canariae</span> <span class='ocrx_word' id='word_1_221' title='bbox 520 3205 561 3275; x_wconf 91' lang='lat' dir='ltr'>de</span> <span class='ocrx_word' id='word_1_222' title='bbox 573 3203 790 3276; x_wconf 77' lang='lat' dir='ltr'>torcularibus</span> <span class='ocrx_word' id='word_1_223' title='bbox 801 3204 889 3278; x_wconf 88' lang='lat' dir='ltr'>istud</span> <span class='ocrx_word' id='word_1_224' title='bbox 903 3257 913 3288; x_wconf 90' lang='lat'>,</span> 
     </span>
    </p>

    <p class='ocr_par' dir='ltr' id='par_1_32' title="bbox 207 3291 940 3389">
     <span class='ocr_line' id='line_1_33' title="bbox 207 3291 940 3389; baseline 0.018 -30"><span class='ocrx_word' id='word_1_225' title='bbox 207 3291 378 3365; x_wconf 90' lang='lat' dir='ltr'>Omnibus</span> <span class='ocrx_word' id='word_1_226' title='bbox 389 3295 518 3368; x_wconf 82' lang='lat' dir='ltr'>idcircd</span> <span class='ocrx_word' id='word_1_227' title='bbox 533 3297 734 3389; x_wconf 75' lang='lat' dir='ltr'>generosius:</span> <span class='ocrx_word' id='word_1_228' title='bbox 745 3297 856 3369; x_wconf 89' lang='lat' dir='ltr'>imbue</span> <span class='ocrx_word' id='word_1_229' title='bbox 867 3321 940 3372; x_wconf 85' lang='lat' dir='ltr'>tote</span> 
     </span>
    </p>
   </div>
   <div class='ocr_carea' id='block_1_3' title="bbox 209 3384 1128 3560">
    <p class='ocr_par' dir='ltr' id='par_1_33' title="bbox 209 3384 1128 3560">
     <span class='ocr_line' id='line_1_34' title="bbox 209 3384 1105 3559; baseline 0.009 -103"><span class='ocrx_word' id='word_1_230' title='bbox 209 3384 1056 3559; x_wconf 56' lang='lat' dir='ltr'>Labrauovmfursannonaspernaberetquamgis</span> <span class='ocrx_word' id='word_1_231' title='bbox 1096 3486 1105 3503; x_wconf 25' lang='grc' dir='ltr'>ὓ</span> 
     </span>
     <span class='ocr_line' id='line_1_35' title="bbox 1033 3509 1128 3560; baseline -0.011 0"><span class='ocrx_word' id='word_1_232' title='bbox 1033 3509 1128 3560; x_wconf 89' lang='lat' dir='ltr'>mma</span> 
     </span>
    </p>
   </div>
   <div class='ocr_carea' id='block_1_4' title="bbox 0 0 1226 3900">
    <p class='ocr_par' dir='ltr' id='par_1_34' title="bbox 0 0 1226 3900">
     <span class='ocr_line' id='line_1_36' title="bbox 0 0 1226 3900; baseline 0 2"><span class='ocrx_word' id='word_1_233' title='bbox 0 0 1226 3900; x_wconf 95' lang='lat' dir='ltr'> </span> 
     </span>
    </p>
   </div>
  </div>
 </body>
</html>
