2444 3900
325 288 549 361 nunu
598 261 752 359 utne?
896 312 959 379 179

52 431 278 525 Machinaque
290 425 440 500 humano
450 452 517 500 non
527 429 710 502 evibranda
720 421 864 501 lacerto.

93 529 226 599 Dueior
248 521 289 594 ab
306 522 377 594 his:
401 521 510 602 hanc,
530 523 666 617 pondus
688 523 793 604 iners,
810 529 844 593 &
871 519 1004 609 inutile,
1049 580 1057 592 .

140 621 264 691 molem
895 640 897 647 ⁴
944 637 957 673 τ

50 714 162 806 Virgo
177 731 279 783 vocas
291 710 305 782 ἓ
317 708 378 781 Vis
387 709 559 804 experiar,
575 711 634 806 qui
646 715 789 809 languet
799 706 919 801 inerti?
1079 758 1081 763 -

52 811 176 897 Ocyus
190 803 335 877 excutite
350 803 434 874 hanc
447 801 583 877 famuli.
596 808 669 877 Nec
681 811 775 896 plura
788 807 941 890 locutus,

50 909 199 995 Imperat
211 895 370 989 explodi:
387 894 443 968 vix
452 896 644 992 introgreffa
654 894 804 970 foramen
876 933 879 943 ·

52 1000 203 1069 flamma
220 990 482 1083 perangustum,
500 993 614 1064 uitiati
648 986 886 1063 ulverisescam

53 1081 597 1180 Corripiteffitneisqualissolete
623 1084 794 1157 ecaminis

56 1183 108 1254 Fit
122 1175 255 1270 fragor:
272 1176 444 1248 intremuit
456 1197 550 1250 mota
562 1175 690 1256 Insula,
705 1177 908 1271 procubuere

53 1282 152 1368 Qut
163 1288 369 1364 quoterant,
390 1293 468 1342 cum
483 1269 517 1340 ‘se
531 1268 710 1363 percnss'utn
725 1266 858 1343 fiiltnine
872 1267 1008 1364 quisque

57 1364 216 1439 Crederet
229 1387 269 1435 ex
280 1362 397 1435 Indis:
417 1362 578 1436 cecidiffet
587 1361 723 1435 forsitan
736 1370 768 1434 &
781 1363 873 1442 Rex,

56 1462 246 1530 Nutantetn
261 1455 362 1527 sinon
374 1457 502 1528 rexinet
519 1456 601 1529 Filia
614 1464 767 1529 Patrem.

56 1550 123 1623 Cui
135 1547 258 1622 blande
270 1549 415 1622 arridens
428 1548 527 1622 dietis
538 1551 659 1624 affatur
671 1548 810 1621 amicis·
870 1567 871 1570 ’

56 1648 139 1717 Dux
150 1641 202 1714 ita
217 1668 227 1712 t
240 1638 327 1714 solve
337 1661 464 1715 metum
476 1696 485 1724 ,
495 1643 630 1716 muralis
644 1640 799 1715 machina
811 1639 909 1724 iufit,

55 1735 273 1809 Morisutest
286 1733 865 1810 Coelistnefttlniineefitlminatuni

55 1833 140 1901 Haec
154 1850 303 1922 quoque,
315 1829 383 1899 vim
398 1827 538 1902 subitam
553 1830 586 1901 vi
595 1831 735 1923 quando
744 1831 890 1923 repellere
900 1824 952 1902 fas
964 1826 1022 1901 est.

56 1931 114 1993 An
131 1943 171 1993 ne
187 1919 295 1993 videte
306 1921 417 2012 cupis,
429 1923 519 2015 quali
530 1942 684 1997 concretu
694 1943 815 2018 vapore

60 2011 216 2088 Fulmina
231 2014 317 2085 sint?
326 2015 491 2105 pandum.
506 2017 623 2099 Dixit,
638 2020 836 2111 plenamque
847 2013 998 2110 pilarum·

65 2106 225 2178 Ostendit
236 2105 540 2198 corben1,quarum
552 2132 630 2204 pars
641 2134 701 2182 aere
710 2109 884 2220 rigebant,

60 2202 89 2270 E
105 2199 246 2290 plumbo
258 2203 388 2293 plutes3
403 2204 491 2273 Tum
502 2203 564 2274 fic:
581 2225 669 2297 quos
682 2201 798 2298 aspicis
808 2202 927 2285 orbes,

58 2292 163 2362 Nunc
174 2291 310 2382 impune
325 2315 423 2386 potes
436 2291 598 2386 speeiem,
613 2304 792 2387 &tangere
806 2319 816 2374 3
833 2295 945 2368 verum

61 2388 158 2456 Aivo
169 2383 227 2456 ubi
243 2389 366 2471 tornati
380 2389 474 2458 finnul
486 2389 548 2459 hos
557 2387 723 2462 demiseris
732 2390 822 2466 aeris,

59 2480 247 2572 ignemque
262 2478 432 2561 admotis,
447 2485 549 2552 telum
562 2479 638 2554 hinc
648 2483 735 2554 exire
750 2480 889 2564 videbis,

28 2654 34 2666 ⁸
59 2574 173 2668 Qale
200 2568 292 2644 sutnn
304 2592 436 2664 partum
451 2573 556 2646 nubes
569 2597 637 2645 non
650 2574 711 2647 ess'e
724 2593 905 2667 negarent.

60 2667 140 2736 Heu
152 2658 281 2736 miseri!
299 2667 443 2738 volitans
455 2666 490 2737 in
504 2687 592 2760 quos
604 2664 779 2740 offenderit
790 2666 899 2761 ignis3

66 2758 152 2828 Non
162 2756 361 2831 exercitibus
374 2811 382 2840 ,
397 2784 463 2832 non
472 2760 659 2840 moenibus,
674 2768 707 2832 &
719 2759 870 2834 castellis

63 2855 159 2919 Stare
168 2849 270 2922 detur
280 2901 290 2932 ,
302 2852 424 2944 strages
438 2853 625 2928 indevitau
637 2852 807 2949 sequetur.

64 2938 191 3014 Nescio
203 2943 280 3037 quis
296 2946 368 3019 Rex
384 2946 631 3042 Androphagus
648 2953 663 3036 ζ
676 2950 766 3020 velut
780 2944 886 3022 audio
897 2949 913 3035 )
925 2943 1030 3020 euboe

59 3031 224 3115 Infestus,
241 3038 370 3111 veniatz
382 3040 488 3112 defint
501 3038 559 3112 ubi
574 3060 691 3113 cetera
704 3093 713 3123 ,
725 3039 870 3114 solahaec
1014 3072 1020 3093 ³

60 3126 236 3202 Confitiet
246 3135 486 3225 moies,&per
498 3133 700 3226 compendia
710 3133 856 3207 belluni.

105 3222 176 3295 Vix
195 3245 235 3295 ea
247 3223 339 3296 dieta
351 3275 361 3306 ,
373 3227 440 3297 filet
458 3251 468 3308 ;
485 3225 536 3299 sed
549 3229 617 3313 jun
627 3225 764 3302 Titania
778 3232 908 3326 lampas

59 3314 175 3387 Altior
190 3338 231 3404 ex
242 3340 339 3409 aequo
350 3316 442 3392 metti
453 3319 600 3393 distabat
609 3317 770 3417 utrique.

65 3411 160 3502 Ergo
170 3409 261 3525 Duci
275 3428 313 3486 ut
324 3410 427 3487 visunt
442 3414 710 3582 speeiffiioznavis
721 3415 860 3492 abundi
915 3507 986 3584 Effe
1012 3454 1021 3468 .
