2444 3900
434 275 656 348 trente
703 278 776 345 tx.
971 290 1096 367 193'

125 427 245 504 Corda
259 420 505 498 feritmahitur
517 416 871 511 violenta‚fi1turaque
884 413 983 510 tigris

125 521 203 619 Ipsa
215 516 363 600 stbi,nisr
374 514 551 607 contingat
563 533 694 608 raptore
705 509 882 607 potiti.·
1009 560 1021 567 --

126 619 215 691 Non
228 612 318 686 secus
329 609 372 680 ad
382 627 497 703 raptus
509 625 564 679 tot
575 605 728 701 protinus
737 602 956 698 imperiorum

127 719 232 803 Egra
243 700 436 798 Superstitio
452 699 582 772 furialia
594 698 743 792 concipit
753 697 816 772 aus
843 748 853 769 .
1041 790 1045 797 Α

129 801 198 875 Sed
208 800 293 895 quid
303 812 401 889 agar,
415 791 703 867 neseitzvindidae
712 810 801 866 certa
813 790 1019 885 cupidocst,
1054 830 1057 835 ·

98 882 101 901 '
131 903 365 984 Incertumque
377 906 504 983 genus.
523 888 640 959 toties
650 875 849 982 improspera
860 885 944 958 bella

133 985 319 1058 Coeiicolas
330 1001 447 1055 contra
460 979 635 1072 prohibent
645 977 788 1076 sperare,
802 979 964 1072 timetque

134 1077 313 1155 Materiam
324 1076 438 1169 potius
451 1073 633 1148 vitentibus
644 1073 768 1147 addere
779 1072 911 1145 laudis.

135 1170 321 1263 Postquam
333 1164 363 1240 se
376 1166 513 1261 paulurn
528 1166 693 1248 scrutata,
707 1164 892 1238 momordit
903 1173 936 1236 &
947 1184 1095 1256 ungues,

138 1264 292 1339 Tandem
306 1285 400 1335 mens
413 1280 585 1353 nunquam
598 1282 665 1333 non
675 1262 861 1352 experrecta
872 1258 1051 1353 nocendo,
1095 1293 1098 1299 ·

137 1357 295 1451 suggerit
305 1357 494 1432 inventum3
507 1351 626 1446 plaustr
636 1349 910 1446 gavisareptrtoe
979 1374 982 1381 ·

139 1455 272 1542 Terque
284 1471 401 1520 manus
414 1444 594 1518 intersestae
607 1467 757 1537 crepuere
768 1463 914 1527 catenae,
1025 1472 1065 1512 '.‘'
1086 1482 1093 1489 —

137 1547 271 1633 Terque
286 1538 472 1613 colubriferi
486 1538 619 1613 cristam
627 1560 753 1611 erexere
766 1536 897 1628 capilii.

137 1639 213 1707 Nec
230 1655 346 1706 mora:
358 1631 564 1727 digreditur,
575 1632 758 1728 repetitque
771 1629 907 1705 citatior
919 1632 1029 1704 Euro'

137 1729 260 1800 Limen
270 1727 423 1799 Taenariae
433 1725 515 1799 nulli
529 1724 702 1798 remeabile
710 1745 837 1818 porrae.

184 1820 241 1890 Est
251 1821 362 1914 prope*
373 1823 543 1911 Cocytum
557 1818 663 1912 portis
675 1819 819 1890 immane
831 1817 964 1892 duabus
1025 1820 1027 1824 ’
1091 1890 1095 1899 ,

137 1919 287 2075 Antrtgn
298 1911 495 2006 antiquum,
507 1911 645 2005 ingens,
666 1930 808 2005 quarunt
820 1915 922 1987 altera
936 1913 1045 2008 vergit
1057 1910 1105 1987 ad

272 2024 382 2085 rrum,

140 2102 261 2169 Astera
273 2096 319 2170 ad
336 2095 525 2180 Occasum3
544 2093 599 2171 sed
612 2103 645 2172 &
658 2098 727 2171 haec
738 2123 811 2194 quae
823 2096 951 2194 respicit
965 2098 1103 2182 Ortum,

141 2194 255 2263 noete
266 2190 386 2286 'dieque
399 2212 493 2285 paret
506 2241 517 2270 ‚
530 2215 589 2263 nec
599 2193 697 2264 limen
708 2191 817 2273 deses,
831 2212 947 2265 euntes

138 2290 314 2374 Semper&
329 2282 473 2363 emittit,
488 2282 722 2377 redeuntesque
732 2284 855 2376 accipit
868 2285 1039 2358 Umbras:
1072 2365 1074 2369 v

141 2381 278 2456 Astera,
293 2399 366 2471 quae
379 2378 424 2448 ad
434 2378 623 2472 Zephyrum
632 2375 854 2456 convertitur,
869 2371 1070 2452 obviamus

141 2467 369 2551 Umbrarum,
382 2473 476 2541 nullo
492 2472 605 2541 valvas
637 2465 814 2542 arefecerat
828 2493 920 2541 aevo.

147 2567 184 2632 Is
193 2564 288 2632 locus
299 2565 438 2656 Europae
448 2559 552 2633 Vitiis
561 2491 761 2656 Lyiiaeque,
777 2564 947 2657 Asraequca
1029 2592 1032 2599 ·

145 2656 297 2743 Implent
308 2650 468 2727 informes
481 2651 603 2727 ferrata
616 2653 729 2726 sedilia
739 2655 866 2735 Note,

144 2747 228 2817 Una
242 2768 360 2819 omnes
371 2749 412 2819 de
424 2753 496 2840 lege
509 2752 617 2828 ‚velut
628 2748 671 2820 de
683 2764 789 2820 matre
797 2748 951 2843 profeerae
965 2780 976 2832 ·,

148 2839 217 2912 Sed
227 2839 424 2931 prohibente
446 2857 582 2919 tament
603 2840 712 2936 deque
729 2839 801 2926 his,
827 2865 1030 2939 quaecunque
1055 2841 1114 2919 sub

241 2952 343 3007 auras

149 3025 229 3099 Exit
240 3074 251 3106 ,
264 3046 368 3119 rupto
380 3047 476 3101 utero
487 3028 606 3104 Matris
615 3032 675 3104 ceti
689 3029 820 3122 vipera,
835 3031 972 3126 prodit.

151 3118 1118 3221 Qodquemagisstupeas,nudasrntcorporeqnamvis,
1166 3152 1169 3158 ·

153 3210 293 3287 Pondus
304 3214 428 3289 babent
439 3218 576 3299 animae,
588 3215 798 3312 gravitasque
809 3217 988 3293 tremiscere
1004 3241 1097 3293 tetra

153 3305 385 3381 Fundamenta
382 3310 490 3480 dubet
500 3357 510 3391 ,
522 3330 704 3406 centroquc
715 3308 851 3389 onerosa
863 3314 986 3409 veiipsi
1000 3315 1068 3387 est.

154 3403 238 3473 Una
250 3420 379 3480 uttrnts¹
418 3425 553 3498 apoena
560 3407 703 3500 premier
716 3406 895 3481 revolubile
905 3403 1021 3481 saxum
1082 3434 1086 3441 ·
1117 3434 1120 3441 ·

625 3498 664 3573 N
993 3501 1075 3569 Hac
