2444 3900
190 308 254 377 186
421 297 646 368 LIBER
692 299 821 370 v·111.

186 400 923 532 Dixit‚&explicuirtelaemirirbiletextum‚

139 537 319 610 Gestamen
330 535 439 607 leteris
451 533 582 606 Divinae
593 531 867 612 murmurem,

48 677 53 685 -
139 635 258 724 inquo
273 635 395 720 Seque,
410 623 541 721 suasque
554 623 846 715 exprefl'eratalma
856 630 1013 704 Sorores,

28 746 36 759 ‘
79 716 85 731 '
138 721 848 814 AddiderarqueArtes,&Partesquaruor
862 716 987 787 Orbis.

139 818 191 887 Ut
203 815 357 885 phaeton
370 812 479 884 Patris
491 833 598 882 novus
611 811 741 884 advena
755 803 863 883 faetus
875 806 1022 892 inauli,

139 907 238 980 Vidit
250 906 306 975 ubi
320 923 453 998 porram
468 902 566 976 Siculi
579 904 746 977 caelamine
758 901 844 976 fabri

140 1001 229 1071 Mille
237 997 416 1088 figuratam
425 996 599 1078 monstris3
618 995 823 1070 iicet-inscius
835 993 912 1067 effer

138 1091 296 1170 retheris,
309 1097 341 1160 δι
354 1093 452 1161 Zonae
464 1088 623 1181 graphico
635 1091 797 1162 radiantis
810 1091 842 1161 in
856 1108 942 1168 τῖες

138 1191 299 1256 Attamen
311 1184 418 1276 ignari
427 1201 571 1254 mentem
580 1181 735 1276 pascebat
745 1178 908 1274 idipsum,

137 1282 192 1349 Dr
205 1274 299 1349 censu
310 1295 439 1368 partem
451 1275 610 1347 eximiam
623 1272 744 1350 nescire
756 1296 917 1370 paterno.

139 1371 220 1443 Non
232 1366 323 1440 sectis
333 1365 515 1473 Aruiragus
523 1369 670 1458 pendens
680 1370 723 1444 ab
733 1367 880 1459 imagine
892 1363 1003 1450 mirri,
1037 1403 1041 1411 ·

137 1465 288 1536 Virtutes
299 1459 422 1554 speum
430 1462 505 1544 ned
517 1483 601 1553 quas
612 1461 749 1552 ignorat
756 1457 933 1544 ,easdem,

44 1600 51 1616 ·
136 1554 257 1629 Nescio
266 1578 336 1649 quo
347 1553 464 1627 afflatu
477 1559 548 1627 telae
560 1555 709 1628 veniente
720 1554 968 1650 propinqum·

36 1675 38 1680 ·
137 1649 278 1742 Diligit:
292 1650 427 1720 illustres
442 1647 575 1719 habitus
588 1649 794 1731 confiderat,
807 1654 926 1738 &quae

136 1741 327 1836 Unicuique
341 1744 418 1810 Deae
429 1739 484 1811 sua
496 1740 558 1809 fint
569 1739 850 1832 infignielustrat.

119 1890 122 1894 -
136 1837 212 1908 Nec
222 1831 334 1906 vidiss'e
345 1831 442 1904 sutis:
455 1828 650 1924 praenoscere
660 1834 802 1905 nomina
813 1828 952 1926 quaeritr

135 1930 211 2000 Nec
223 1924 334 1997 vidisse
344 1924 458 2006 semel,
473 1946 557 2016 quas
569 1923 800 2006 viduatarum,
813 1924 925 1997 videre

136 2017 260 2091 Rursus
270 2037 379 2088 amat.
390 2016 509 2089 Tacite*
521 2017 644 2089 interei
659 2018 717 2090 sub
730 2022 882 2112 pretore,
895 2015 1007 2092 sacros

134 2119 264 2202 serpere
275 2105 457 2204 praesensrr,
471 2130 557 2202 quos
572 2130 640 2180 non
650 2112 826 2206 intelligit,
839 2110 956 2202 ignes.

133 2205 270 2296 Singula
280 2202 452 2282 lustrarat,
464 2198 592 2274 summi
604 2226 676 2296 quae
690 2205 839 2296 margine
852 2202 911 2273 lini

134 2295 645 2390 Qaequenotabanturmedii;
663 2298 740 2369 cum
752 2295 895 2367 venitad
906 2295 992 2367 imas

111 2395 113 2399 '
133 2391 287 2460 Desinere
297 2387 432 2460 inferior
443 2388 510 2481 qui
524 2387 676 2461 baltheus
688 2389 806 2483 incipit
819 2409 896 2459 oras
907 2436 920 2470 ,

132 2485 306 2554 Terrarum
315 2499 461 2574 quatuor
472 2481 514 2553 de
527 2481 698 2572 partibus,
711 2479 828 2574 aspicit
843 2504 963 2562 unam,

132 2574 198 2646 Cui
210 2598 269 2666 par
280 2572 392 2647 forma
403 2571 481 2652 sure,
497 2573 656 2669 faciesque
669 2575 832 2646 fimiliima
845 2574 943 2644 Natae
957 2601 966 2643 ε

132 2668 289 2746 Restitit,
302 2663 492 2763 innascique
503 2674 619 2739 auimo
633 2691 724 2740 nova
733 2666 859 2760 gaudia
870 2664 988 2738 sensu.

176 2762 272 2832 Tunc
281 2760 381 2831 airzei
396 2783 508 2831 verum
521 2761 578 2831 nisr
591 2761 741 2840 Numen,
752 2757 899 2832 maxime
909 2758 1010 2834 certd',

130 2853 291 2925 Numinis
303 2851 483 2946 interpres,
495 2852 626 2924 veniam
640 2853 685 2923 da
700 2854 807 2925 Parus
820 2849 954 2930 amori,

129 2945 164 3015 si
175 2946 296 3018 nimius
310 2943 582 3016 vidrarscirandn
594 2944 753 3036 plurimae
764 2944 834 3018 fare
847 2995 858 3025 ‚

129 3039 196 3109 Ista
208 3060 287 3109 meae
299 3060 453 3131 quenam
466 3039 598 3130 Regina
611 3039 779 3110 simillima
791 3040 889 3110 Natae
904 3037 918 3107 ἓ

128 3136 211 3200 Arte
224 3152 282 3213 ne,
296 3136 344 3200 vel
356 3130 432 3202 casu
445 3129 568 3202 fabium
576 3180 586 3220 2
600 3151 671 3203 tarn
684 3130 831 3204 consona
843 3153 924 3202 verae

128 3221 214 3292 Ess'et
225 3241 261 3293 ut
272 3221 428 3314 effigies?
446 3224 478 3294 Si
491 3247 558 3294 non
570 3223 624 3297 ars
637 3221 734 3305 fecit,
750 3226 796 3295 ob
807 3226 871 3294 hoc
885 3222 931 3294 est

129 3317 199 3386 Res
213 3338 346 3410 quoque
356 3318 441 3389 mira
450 3317 572 3406 magis,
584 3316 679 3412 quod
689 3315 780 3389 casus
789 3315 900 3388 fecerit
911 3331 1044 3396 artemr

128 3409 161 3480 Si
172 3427 345 3485 rumenam
356 3408 1027 3576 fene,curquannonutnerarunqrgnrg1

983 3525 999 3575 e
1029 3535 1043 3550 .
