2444 3900
174 294 244 378 ,7⁶
427 280 653 357 truun
696 281 794 354 xm.

132 422 431 520 humampeffendt’
438 428 535 498 otior
542 421 702 498 munibus
712 419 981 520 incidittutque

128 521 250 594 Aerios
261 518 738 593 etaleautalicuziucumbert
746 518 876 600 morti,

128 611 426 721 lurratprimasuae
434 610 817 686 cttuliosobliviositoe.

130 704 1002 801 Mothisdarefigmjubetrvixbarhasushamie

130 797 929 893 Exhortoremelos,quodruooiutelligit,elle

130 899 394 968 Invitameutum
405 892 502 966 lmtlt
518 890 731 972 certaminis3
744 892 802 964 illo

130 984 866 1080 Audito,redduutpatriodemoteboatum

131 1083 297 1153 Certatim
307 1082 457 1160 Caribes,
466 1077 576 1149 raucis
589 1080 770 1152 ulrdatihus
780 1080 916 1152 addunt

131 1180 323 1247 Palmamm
334 1174 502 1262 cremata,
515 1179 549 1242 δι
561 1171 680 1244 rullica
690 1193 855 1267 tympana
866 1172 1024 1265 pulsant.

177 1266 252 1339 Nee
264 1289 382 1347 mora,
397 1265 562 1340 emrorris
572 1268 685 1352 jacula
694 1287 906 1340 amentaotut
915 1270 1076 1346 habenis.

128 1361 215 1433 Nou
228 1361 301 1433 telis
312 1359 550 1433 conlcttaolim
561 1377 632 1432 uox
641 1378 737 1431 tanta
745 1361 926 1455 pependit,

129 1456 239 1528 Xersis
248 1453 295 1526 ad
303 1454 499 1546 imperium,
513 1450 592 1524 cum
602 1474 838 1526 momentanea
852 1454 961 1528 nubes

129 1548 222 1620 Exiit
231 1546 426 1621 Arsacidum
440 1546 602 1640 pharetris
613 1595 626 1626 ,
637 1567 763 1618 conata
770 1544 864 1621 serite

128 1641 271 1713 AEtlreris
283 1641 474 1714 immortale
485 1639 582 1730 jubar
594 1641 791 1713 mortalibus
799 1641 903 1713 armis
915 1669 926 1724 ;

129 1731 500 1829 Qantasupercampt'u
515 1732 696 1814 ,Caribum
707 1733 801 1807 cadit
812 1735 961 1808 arcubus
969 1735 1096 1808 umbra.

130 1832 219 1918 Stepe
229 1827 284 1898 sed
298 1828 445 1902 uttutbo
457 1828 642 1919 poffitctlm
653 1828 777 1899 cadere
789 1828 914 1900 ὼτιιιιι

129 1923 201 1991 Aut
213 1921 346 2010 apicem
357 1923 500 2015 lllybaee
507 1941 617 2004 tuum,
629 1939 691 1992 aut
700 1941 758 1992 tua
773 1940 866 2015 terga
877 1922 1004 2001 Peiore,

129 2011 317 2082 Grandinis
328 2011 482 2106 hyberna
494 2016 642 2106 pluviam
655 2013 835 2108 detorquet
848 2015 894 2086 ad
908 2015 1062 2109 Hyblam
1074 2040 1083 2081 r

129 2103 179 2175 Sit
186 2101 342 2267 puaedam
352 2103 464 2196 potior
475 2106 613 2179 velutin
625 2104 753 2179 feritate
768 2112 940 2198 voluptas,

130 2202 185 2268 lta
198 2196 229 2267 ci
242 2217 319 2268 cum
332 2194 508 2278 formofis,
522 2199 813 2290 lpestaredecoras

131 2288 302 2362 Chloridis
314 2291 348 2363 in
365 2298 458 2364 vultu
469 2295 656 2387 lacrymas,
673 2294 834 2388 nigrique
847 2291 961 2365 videte

129 2389 169 2453 In
180 2384 295 2456 tonici
305 2384 477 2481 Zephyros
490 2387 614 2458 circum
623 2386 680 2460 lua
690 2390 816 2460 dauma
833 2391 986 2459 volantes
999 2410 1010 2466 3

129 2477 309 2551 Collimare
322 2479 519 2571 sagittarum
533 2482 575 2551 fic
588 2479 716 2553 miffilis
726 2480 834 2551 imber

129 2568 249 2652 Visus,
264 2572 320 2644 ubi
332 2578 490 2663 juvenum
504 2568 568 2647 flos
580 2597 650 2647 aevo
664 2574 801 2664 infignis
814 2581 848 2643 &
861 2572 965 2646 armis

131 2667 337 2760 carpentum
350 2665 506 2758 neviragi
519 2670 646 2740 circum
657 2671 764 2758 regale
776 2667 915 2740 coibat.

175 2757 284 2831 Clitus
296 2781 365 2830 etat
378 2761 465 2853 Regi
476 2761 679 2854 gratilsnnus
692 2762 778 2832 inter
795 2759 981 2851 Ephebos,

128 2853 268 2924 Gratiot
280 2871 314 2924 at
328 2852 478 2933 Phoebo,
492 2854 693 2926 dederatcui
703 2855 838 2924 Numen
851 2852 1012 2931 amicum,

129 2947 181 3015 Ut
195 2966 318 3019 certate
330 2944 391 3017 suis
405 2968 506 3018 corna
520 2948 665 3019 crinibus
678 2969 776 3019 aurea
790 2943 915 3038 pollet,

129 3040 173 3108 Et
184 3060 307 3111 certare
321 3037 386 3111 suis
397 3038 524 3132 poss'ent
537 3040 631 3113 fimtrl
643 3039 761 3111 oribus
773 3059 855 3110 ota.

128 3134 187 3201 llle
199 3153 259 3202 uec
269 3132 440 3225 ingratus,
455 3136 564 3206 ruodo
575 3136 658 3206 lecta
671 3156 713 3204 eu
725 3131 842 3205 arbore
855 3153 962 3225 poma

127 3224 241 3295 Prima
255 3226 348 3306 Deo,
362 3223 520 3320 floresque
530 3248 637 3300 novos
650 3227 758 3300 modo
771 3223 851 3296 ferre
863 3220 1009 3299 solebate

125 3316 216 3395 lliro
229 3316 333 3388 etiam
349 3318 463 3393 studio
472 3322 627 3396 tonderet
641 3339 678 3393 ut
691 3319 781 3392 illius
793 3341 868 3402 ara,

127 3404 367 3491 luxuriantem
377 3412 631 3495 umbranflnae
646 3413 781 3493 cervicis
791 3411 926 3492 debat.
952 3450 997 3578 H=

671 3537 673 3542 ·
989 3530 1055 3582 unc
